; ORDER transactions for 2022-04

2022-04-01 * "Income:Sales:Discount" "Invoice Payment for Invoice #58 #d86a8100-3c62-4e59-b724-762e93ec8b03"
  Income:Sales:Discount 0.60 HKD
  type: "Invoice Payment"
  sourceId: "d86a8100-3c62-4e59-b724-762e93ec8b03"
  referenceNo: "58"
  orderId: "fbb7d8bc-083d-4f96-bf50-cd96714e08af"
  Assets:CurrentAssets:AccountReceivable -0.60 HKD
  type: "Invoice Payment"
  sourceId: "d86a8100-3c62-4e59-b724-762e93ec8b03"
  referenceNo: "58"
  orderId: "fbb7d8bc-083d-4f96-bf50-cd96714e08af"
  contact: "852 93865330 (MS.SALLY) [32740512-4737-4dce-b9e4-5a38a4e27bba]"
2022-04-01 * "Income:Sales:Discount" "Invoice Payment for Invoice #161 #7e0192be-a609-4f70-aa1a-3a27b4c5fcf6"
  Income:Sales:Discount 0.53 HKD
  type: "Invoice Payment"
  sourceId: "7e0192be-a609-4f70-aa1a-3a27b4c5fcf6"
  referenceNo: "161"
  orderId: "d03a5659-8907-4464-8fdf-a33efebca16d"
  Assets:CurrentAssets:AccountReceivable -0.53 HKD
  type: "Invoice Payment"
  sourceId: "7e0192be-a609-4f70-aa1a-3a27b4c5fcf6"
  referenceNo: "161"
  orderId: "d03a5659-8907-4464-8fdf-a33efebca16d"
  contact: "852 62220524 (ERNEST) [0252d024-757a-46e6-9a23-b671aa90dc5c]"
2022-04-06 * "Bill #75 EX00025"
  referenceNo: "75"
  orderId: "271e70bb-928e-4e18-afad-0dc00f1c58ee"
  type: "Bill"
  Expenses:GeneralExpense:BankFeesExpense 2000.00 HKD
  qty: "1"
  description: "其他雜費 - 323申請咭機手續費"
  referenceNo: "75"
  orderId: "271e70bb-928e-4e18-afad-0dc00f1c58ee"
  type: "Bill Item"
  sourceId: "a2f9696f-2c31-4f8a-b059-5d83bc1cbdbb"
  Liabilities:CurrentLiabilities:AccountPayable
  referenceNo: "75"
  orderId: "271e70bb-928e-4e18-afad-0dc00f1c58ee"
  type: "Bill"
  sourceId: "271e70bb-928e-4e18-afad-0dc00f1c58ee"
  contact: "880 806 ()"
2022-04-06 * "Bill #73 EX00024"
  referenceNo: "73"
  orderId: "47265c51-f889-4ba2-8249-4da8ab5260b6"
  type: "Bill"
  Expenses:GeneralExpense:ElectricityLightHeating 456.00 HKD
  qty: "1"
  description: "323電費(2022-2月) "
  referenceNo: "73"
  orderId: "47265c51-f889-4ba2-8249-4da8ab5260b6"
  type: "Bill Item"
  sourceId: "01537f8d-e49b-4d6b-a5f4-72c8e3c861df"
  Liabilities:CurrentLiabilities:AccountPayable
  referenceNo: "73"
  orderId: "47265c51-f889-4ba2-8249-4da8ab5260b6"
  type: "Bill"
  sourceId: "47265c51-f889-4ba2-8249-4da8ab5260b6"
  contact: "880 806 ()"
2022-04-07 * "Bill #123 EX00023 323電話費(4月-7月) "
  referenceNo: "123"
  orderId: "6ab3d2b7-498b-400c-ba25-62434265fe84"
  type: "Bill"
  Expenses:GeneralExpense:TelephoneAndInternetAndAlarm 299.00 HKD
  qty: "1"
  description: "323電話費(4月-7月) "
  referenceNo: "123"
  orderId: "6ab3d2b7-498b-400c-ba25-62434265fe84"
  type: "Bill Item"
  sourceId: "29618506-9fcb-432c-af66-cb5c40fd043f"
  Liabilities:CurrentLiabilities:AccountPayable
  referenceNo: "123"
  orderId: "6ab3d2b7-498b-400c-ba25-62434265fe84"
  type: "Bill"
  sourceId: "6ab3d2b7-498b-400c-ba25-62434265fe84"
  contact: "880 806 ()"
2022-04-07 * "880 806 () [53b8789a-4451-4a1f-84f7-a9c5da7ada1a]" "Bill Payment for Bill #123 #dcec3fdb-4acd-4257-aa53-652c8ae4094d"
  Liabilities:CurrentLiabilities:AccountPayable 299.00 HKD
  contact: "880 806 () [53b8789a-4451-4a1f-84f7-a9c5da7ada1a]"
  type: "Bill Payment"
  sourceId: "dcec3fdb-4acd-4257-aa53-652c8ae4094d"
  referenceNo: "123"
  orderId: "6ab3d2b7-498b-400c-ba25-62434265fe84"
  Liabilities:CurrentLiabilities:CurrentAccount:C-a-MilrichElectronicsHkCoLtd -299.00 HKD
  type: "Bill Payment"
  sourceId: "dcec3fdb-4acd-4257-aa53-652c8ae4094d"
  referenceNo: "123"
  orderId: "6ab3d2b7-498b-400c-ba25-62434265fe84"
2022-04-10 * "Bill #1361 Audit fee 12/112020-31/3/2022"
  referenceNo: "1361"
  orderId: "56d72de9-ba21-490d-a7cc-a07bf7046976"
  type: "Bill"
  Liabilities:CurrentLiabilities:AccruedExpenses 15000.00 HKD
  qty: "1"
  description: "Audit fee 12/112020-31/3/2022"
  referenceNo: "1361"
  orderId: "56d72de9-ba21-490d-a7cc-a07bf7046976"
  type: "Bill Item"
  sourceId: "7d58575c-94c3-4069-9222-b95c2e8db270"
  Liabilities:CurrentLiabilities:AccountPayable
  referenceNo: "1361"
  orderId: "56d72de9-ba21-490d-a7cc-a07bf7046976"
  type: "Bill"
  sourceId: "56d72de9-ba21-490d-a7cc-a07bf7046976"
  contact: "998 12345697 (CPA-Chung(Auditor))"
2022-04-10 * "998 12345697 (CPA-Chung(Auditor)) [219ecbc8-5a8a-453c-87dd-9279a38a5059]" "Bill Payment for Bill #1361 #7fd89c0b-bc96-492b-9d41-88700d652716"
  Liabilities:CurrentLiabilities:AccountPayable 15000.00 HKD
  contact: "998 12345697 (CPA-Chung(Auditor)) [219ecbc8-5a8a-453c-87dd-9279a38a5059]"
  type: "Bill Payment"
  sourceId: "7fd89c0b-bc96-492b-9d41-88700d652716"
  referenceNo: "1361"
  orderId: "56d72de9-ba21-490d-a7cc-a07bf7046976"
  Liabilities:CurrentLiabilities:CurrentAccount:C-a-MilrichElectronicsHkCoLtd -15000.00 HKD
  type: "Bill Payment"
  sourceId: "7fd89c0b-bc96-492b-9d41-88700d652716"
  referenceNo: "1361"
  orderId: "56d72de9-ba21-490d-a7cc-a07bf7046976"
2022-04-14 * "Invoice #201 INV-0044 MR. WONG"
  Income:Sales:SalesItem:SellBespokeorotherFee -2500.00 HKD
  category: "Ring Setting"
  sku: "DDFFFFFF0B00000000000098"
  qty: 1
  referenceNo: "201"
  orderId: "ead72374-2fc6-469b-a82c-bfefa6b823ac"
  type: "Invoice Item"
  sourceId: "d583a663-b3f0-4d25-a5bd-00e8532061a8"
  Income:Sales:SalesItem:SellBespokeorotherFee -55500.00 HKD
  category: "Natural Diamond"
  sku: "DDFFFFFF0800007356946588"
  qty: 1
  referenceNo: "201"
  orderId: "ead72374-2fc6-469b-a82c-bfefa6b823ac"
  type: "Invoice Item"
  sourceId: "2aab94d6-a4b8-426b-957b-2aab00b85a4f"
  Assets:CurrentAssets:AccountReceivable
  referenceNo: "201"
  orderId: "ead72374-2fc6-469b-a82c-bfefa6b823ac"
  type: "Invoice"
  sourceId: "ead72374-2fc6-469b-a82c-bfefa6b823ac"
  contact: "852 68999309 (85268999309) [5c943df0-a3b2-4f23-9079-2e343183afe6]"
2022-04-14 * "Bill #117 EX00022"
  referenceNo: "117"
  orderId: "81ed89f7-bc77-4f6f-8449-48be3d740199"
  type: "Bill"
  Expenses:GeneralExpense:ElectricityLightHeating 79.00 HKD
  qty: "1"
  description: "323電費(2022-3月) "
  referenceNo: "117"
  orderId: "81ed89f7-bc77-4f6f-8449-48be3d740199"
  type: "Bill Item"
  sourceId: "c587015e-41a7-4e0e-a114-c89c982db5e9"
  Liabilities:CurrentLiabilities:AccountPayable
  referenceNo: "117"
  orderId: "81ed89f7-bc77-4f6f-8449-48be3d740199"
  type: "Bill"
  sourceId: "81ed89f7-bc77-4f6f-8449-48be3d740199"
  contact: "880 806 ()"
2022-04-14 * "Liabilities:CurrentLiabilities:CurrentAccount:C-a-ElmaJewelryLtd" "Invoice Payment for Invoice #201 #72c0b9b8-79d1-4fef-bfdd-fb7992dea650"
  Liabilities:CurrentLiabilities:CurrentAccount:C-a-ElmaJewelryLtd 5000.00 HKD
  type: "Invoice Payment"
  sourceId: "72c0b9b8-79d1-4fef-bfdd-fb7992dea650"
  referenceNo: "201"
  orderId: "ead72374-2fc6-469b-a82c-bfefa6b823ac"
  Assets:CurrentAssets:AccountReceivable -5000.00 HKD
  type: "Invoice Payment"
  sourceId: "72c0b9b8-79d1-4fef-bfdd-fb7992dea650"
  referenceNo: "201"
  orderId: "ead72374-2fc6-469b-a82c-bfefa6b823ac"
  contact: "852 68999309 (85268999309) [5c943df0-a3b2-4f23-9079-2e343183afe6]"
2022-04-14 * "Liabilities:CurrentLiabilities:CurrentAccount:C-a-ElmaJewelryLtd" "Invoice Payment for Invoice #201 #37feba3e-f56b-4769-b0a2-5e97d2cd6d47"
  Liabilities:CurrentLiabilities:CurrentAccount:C-a-ElmaJewelryLtd 5000.00 HKD
  type: "Invoice Payment"
  sourceId: "37feba3e-f56b-4769-b0a2-5e97d2cd6d47"
  referenceNo: "201"
  orderId: "ead72374-2fc6-469b-a82c-bfefa6b823ac"
  Assets:CurrentAssets:AccountReceivable -5000.00 HKD
  type: "Invoice Payment"
  sourceId: "37feba3e-f56b-4769-b0a2-5e97d2cd6d47"
  referenceNo: "201"
  orderId: "ead72374-2fc6-469b-a82c-bfefa6b823ac"
  contact: "852 68999309 (85268999309) [5c943df0-a3b2-4f23-9079-2e343183afe6]"
2022-04-15 * "Invoice #20 INV-0046 MR. YIP"
  Income:Sales:SalesItem:SellDiamond -62700.00 HKD
  category: "Natural Diamond"
  sku: "DDFFFFFF0800006381335705"
  qty: 1
  referenceNo: "20"
  orderId: "3689c44f-5ed7-4f03-9820-bc5b02c5b19d"
  type: "Invoice Item"
  sourceId: "cf4770d1-e431-4369-9f43-8f598280c95c"
  Income:Sales:SalesItem:SellBespokeorotherFee -0.00 HKD
  category: "Other"
  sku: "Processing 033"
  qty: 1
  referenceNo: "20"
  orderId: "3689c44f-5ed7-4f03-9820-bc5b02c5b19d"
  type: "Invoice Item"
  sourceId: "a698484b-4e6b-436a-b795-5a4894655af6"
  Income:Sales:Discount --500.00 HKD
  description: "500 CASH COUPON"
  qty: 1
  referenceNo: "20"
  orderId: "3689c44f-5ed7-4f03-9820-bc5b02c5b19d"
  type: "Invoice Item"
  sourceId: "a119b99f-718c-4b85-8be2-a6bc42fbe7e9"
  Assets:CurrentAssets:AccountReceivable
  referenceNo: "20"
  orderId: "3689c44f-5ed7-4f03-9820-bc5b02c5b19d"
  type: "Invoice"
  sourceId: "3689c44f-5ed7-4f03-9820-bc5b02c5b19d"
  contact: "852 95027815 (85295027815) [dee27669-f975-426f-b393-4ee08adadcb6]"
2022-04-15 * "Liabilities:CurrentLiabilities:CurrentAccount:C-a-ElmaJewelryLtd" "Invoice Payment for Invoice #20 #63a838d1-f043-4fee-bc42-3f8677206d0e"
  Liabilities:CurrentLiabilities:CurrentAccount:C-a-ElmaJewelryLtd 5300.00 HKD
  type: "Invoice Payment"
  sourceId: "63a838d1-f043-4fee-bc42-3f8677206d0e"
  referenceNo: "20"
  orderId: "3689c44f-5ed7-4f03-9820-bc5b02c5b19d"
  Assets:CurrentAssets:AccountReceivable -5300.00 HKD
  type: "Invoice Payment"
  sourceId: "63a838d1-f043-4fee-bc42-3f8677206d0e"
  referenceNo: "20"
  orderId: "3689c44f-5ed7-4f03-9820-bc5b02c5b19d"
  contact: "852 95027815 (85295027815) [dee27669-f975-426f-b393-4ee08adadcb6]"
2022-04-15 * "Liabilities:CurrentLiabilities:CurrentAccount:C-a-ElmaJewelryLtd" "Invoice Payment for Invoice #20 #bfd82c7a-231a-4986-81aa-fa402e23483e"
  Liabilities:CurrentLiabilities:CurrentAccount:C-a-ElmaJewelryLtd 4700.00 HKD
  type: "Invoice Payment"
  sourceId: "bfd82c7a-231a-4986-81aa-fa402e23483e"
  referenceNo: "20"
  orderId: "3689c44f-5ed7-4f03-9820-bc5b02c5b19d"
  Assets:CurrentAssets:AccountReceivable -4700.00 HKD
  type: "Invoice Payment"
  sourceId: "bfd82c7a-231a-4986-81aa-fa402e23483e"
  referenceNo: "20"
  orderId: "3689c44f-5ed7-4f03-9820-bc5b02c5b19d"
  contact: "852 95027815 (85295027815) [dee27669-f975-426f-b393-4ee08adadcb6]"
2022-04-16 * "Assets:CurrentAssets:Cash:CashInHand" "Invoice Payment for Invoice #202 #0020a53a-544a-497a-8d45-be1d94ee1cb2"
  Assets:CurrentAssets:Cash:CashInHand 23000.00 HKD
  type: "Invoice Payment"
  sourceId: "0020a53a-544a-497a-8d45-be1d94ee1cb2"
  referenceNo: "202"
  orderId: "c0c6f3ff-30b5-48dd-a02d-f934d42e977d"
  Assets:CurrentAssets:AccountReceivable -23000.00 HKD
  type: "Invoice Payment"
  sourceId: "0020a53a-544a-497a-8d45-be1d94ee1cb2"
  referenceNo: "202"
  orderId: "c0c6f3ff-30b5-48dd-a02d-f934d42e977d"
  contact: "852 54332298 (MR.CHAN) [e4099299-42b3-4b28-bad6-61f8faef9b06]"
2022-04-16 * "Liabilities:CurrentLiabilities:CurrentAccount:C-a-ElmaJewelryLtd" "Invoice Payment for Invoice #202 #c8996dfd-9f20-433f-a0b8-76dc9eb0a653"
  Liabilities:CurrentLiabilities:CurrentAccount:C-a-ElmaJewelryLtd 5000.00 HKD
  type: "Invoice Payment"
  sourceId: "c8996dfd-9f20-433f-a0b8-76dc9eb0a653"
  referenceNo: "202"
  orderId: "c0c6f3ff-30b5-48dd-a02d-f934d42e977d"
  Assets:CurrentAssets:AccountReceivable -5000.00 HKD
  type: "Invoice Payment"
  sourceId: "c8996dfd-9f20-433f-a0b8-76dc9eb0a653"
  referenceNo: "202"
  orderId: "c0c6f3ff-30b5-48dd-a02d-f934d42e977d"
  contact: "852 54332298 (MR.CHAN) [e4099299-42b3-4b28-bad6-61f8faef9b06]"
2022-04-18 * "Invoice #19 INV-0048 MR. YEUNG CARY"
  Income:Sales:SalesItem:SellDiamond -42900.00 HKD
  category: "Natural Diamond"
  sku: "DDFFFFFF0800001419970036"
  qty: 1
  referenceNo: "19"
  orderId: "0be64ddd-6d97-40c5-bc98-ff43b2bc6cb0"
  type: "Invoice Item"
  sourceId: "f6c8f32f-2482-4e26-990d-d17832a97720"
  Income:Sales:SalesItem:SellBespokeorotherFee -2100.00 HKD
  category: "Ring Setting"
  sku: "DDFFFFFF0B00000000000099"
  qty: 1
  referenceNo: "19"
  orderId: "0be64ddd-6d97-40c5-bc98-ff43b2bc6cb0"
  type: "Invoice Item"
  sourceId: "cbf10c31-ce07-496d-8ff6-0678c1a88372"
  Assets:CurrentAssets:AccountReceivable
  referenceNo: "19"
  orderId: "0be64ddd-6d97-40c5-bc98-ff43b2bc6cb0"
  type: "Invoice"
  sourceId: "0be64ddd-6d97-40c5-bc98-ff43b2bc6cb0"
  contact: "852 92815367 (CARY) [35a3e928-796e-426c-94da-7a6a36f25ac7]"
2022-04-18 * "Liabilities:CurrentLiabilities:CurrentAccount:C-a-ElmaJewelryLtd" "Invoice Payment for Invoice #19 #57487841-4d6f-41db-aea8-9e1dcd4b5c28"
  Liabilities:CurrentLiabilities:CurrentAccount:C-a-ElmaJewelryLtd 10000.00 HKD
  type: "Invoice Payment"
  sourceId: "57487841-4d6f-41db-aea8-9e1dcd4b5c28"
  referenceNo: "19"
  orderId: "0be64ddd-6d97-40c5-bc98-ff43b2bc6cb0"
  Assets:CurrentAssets:AccountReceivable -10000.00 HKD
  type: "Invoice Payment"
  sourceId: "57487841-4d6f-41db-aea8-9e1dcd4b5c28"
  referenceNo: "19"
  orderId: "0be64ddd-6d97-40c5-bc98-ff43b2bc6cb0"
  contact: "852 92815367 (CARY) [35a3e928-796e-426c-94da-7a6a36f25ac7]"
2022-04-20 * "Invoice #174 INV-0148 MR.SHUM FRANKIE"
  Income:Sales:SalesItem:SellDiamond -32300.00 HKD
  category: "Natural Diamond"
  sku: "DDFFFFFF0800006422944984"
  qty: 1
  referenceNo: "174"
  orderId: "8abbc51d-e81e-4ce1-90b7-9031f3567d8a"
  type: "Invoice Item"
  sourceId: "93d39282-e3ab-4009-84fc-175587f8a041"
  Income:Sales:SalesItem:Sell18kJewelry -2500.00 HKD
  category: "Ring Setting"
  sku: "DDFFFFFF0B00000000000153"
  qty: 1
  referenceNo: "174"
  orderId: "8abbc51d-e81e-4ce1-90b7-9031f3567d8a"
  type: "Invoice Item"
  sourceId: "5301a978-951c-4a24-995b-fea436c0f6cd"
  Assets:CurrentAssets:AccountReceivable
  referenceNo: "174"
  orderId: "8abbc51d-e81e-4ce1-90b7-9031f3567d8a"
  type: "Invoice"
  sourceId: "8abbc51d-e81e-4ce1-90b7-9031f3567d8a"
  contact: "852 92504797 (MR.SHUMFRANKIE) [38eac647-9734-412a-ace4-3cdf1f31d149]"
2022-04-21 * "Bill #644 SI-10221 (Ring setting)"
  referenceNo: "644"
  orderId: "8b1bc756-dd2e-4527-9ced-2a5cf6d6593c"
  type: "Bill"
  Expenses:CostOfSales:Purchase:PurchaseItem:BuyBespoke 2959.00 HKD
  category: "Ring Setting"
  sku: "DDFFFFFF0B00000000000103"
  qty: 1
  referenceNo: "644"
  orderId: "8b1bc756-dd2e-4527-9ced-2a5cf6d6593c"
  type: "Bill Item"
  sourceId: "374fb857-f740-4f72-8b97-21dcffd3da8a"
  Liabilities:CurrentLiabilities:AccountPayable
  referenceNo: "644"
  orderId: "8b1bc756-dd2e-4527-9ced-2a5cf6d6593c"
  type: "Bill"
  sourceId: "8b1bc756-dd2e-4527-9ced-2a5cf6d6593c"
  contact: "998 12345767 (SkyHighHoldingsGroupLtd)"
2022-04-22 * "Bill #565 SI-10225 Bill PO-0005(INV-0044,0048, MEMO GIA PURCHASE)"
  referenceNo: "565"
  orderId: "1f821f1f-4aa1-4307-a7ed-4c99d7287973"
  type: "Bill"
  Expenses:CostOfSales:Purchase:PurchaseItem:BuyBespoke 1757.00 HKD
  category: "Ring Setting"
  sku: "DDFFFFFF0B00000000000099"
  qty: 1
  referenceNo: "565"
  orderId: "1f821f1f-4aa1-4307-a7ed-4c99d7287973"
  type: "Bill Item"
  sourceId: "b773f201-81cb-43a4-9d14-9b888cf04642"
  Expenses:CostOfSales:Purchase:PurchaseItem:BuyDiamond 38095.00 HKD
  category: "Natural Diamond"
  sku: "DDFFFFFF0800001419970036"
  qty: 1
  referenceNo: "565"
  orderId: "1f821f1f-4aa1-4307-a7ed-4c99d7287973"
  type: "Bill Item"
  sourceId: "7ea9651e-2757-48e9-90dc-7f4b1fff05af"
  Expenses:CostOfSales:Purchase:PurchaseItem:BuyBespoke 1999.00 HKD
  category: "Ring Setting"
  sku: "DDFFFFFF0B00000000000098"
  qty: 1
  referenceNo: "565"
  orderId: "1f821f1f-4aa1-4307-a7ed-4c99d7287973"
  type: "Bill Item"
  sourceId: "dfc30510-e9db-451f-816b-492358c40779"
  Liabilities:CurrentLiabilities:AccountPayable
  referenceNo: "565"
  orderId: "1f821f1f-4aa1-4307-a7ed-4c99d7287973"
  type: "Bill"
  sourceId: "1f821f1f-4aa1-4307-a7ed-4c99d7287973"
  contact: "998 12345767 (SkyHighHoldingsGroupLtd)"
2022-04-22 * "Bill #82 GIA PURCHASE, PL/17214/2002"
  referenceNo: "82"
  orderId: "fd6594bf-3354-4c63-bdd4-eb84a8fbc581"
  type: "Bill"
  Expenses:CostOfSales:Purchase:PurchaseItem:BuyDiamond 52685.00 HKD
  category: "Natural Diamond"
  sku: "DDFFFFFF0800003425330979"
  qty: 1
  referenceNo: "82"
  orderId: "fd6594bf-3354-4c63-bdd4-eb84a8fbc581"
  type: "Bill Item"
  sourceId: "34a4a4b9-0783-408b-a190-4b307627a73a"
  Liabilities:CurrentLiabilities:AccountPayable
  referenceNo: "82"
  orderId: "fd6594bf-3354-4c63-bdd4-eb84a8fbc581"
  type: "Bill"
  sourceId: "fd6594bf-3354-4c63-bdd4-eb84a8fbc581"
  contact: "998 12345770 (TWINKLEDIAMHONGKONGLTD)"
2022-04-23 * "Liabilities:CurrentLiabilities:CurrentAccount:C-a-ElmaJewelryLtd" "Invoice Payment for Invoice #19 #77b9da77-0d9e-448d-99ff-b2a93d67fa36"
  Liabilities:CurrentLiabilities:CurrentAccount:C-a-ElmaJewelryLtd 35000.00 HKD
  type: "Invoice Payment"
  sourceId: "77b9da77-0d9e-448d-99ff-b2a93d67fa36"
  referenceNo: "19"
  orderId: "0be64ddd-6d97-40c5-bc98-ff43b2bc6cb0"
  Assets:CurrentAssets:AccountReceivable -35000.00 HKD
  type: "Invoice Payment"
  sourceId: "77b9da77-0d9e-448d-99ff-b2a93d67fa36"
  referenceNo: "19"
  orderId: "0be64ddd-6d97-40c5-bc98-ff43b2bc6cb0"
  contact: "852 92815367 (CARY) [35a3e928-796e-426c-94da-7a6a36f25ac7]"
2022-04-26 * "Invoice #25 INV-0049 MS. WONG ANNIE"
  Income:Sales:SalesItem:SellDiamond -40000.00 HKD
  category: "Natural Diamond"
  sku: "DDFFFFFF0800006422734454"
  qty: 1
  referenceNo: "25"
  orderId: "17cafd5b-64c5-4307-9b15-01c22e79ad48"
  type: "Invoice Item"
  sourceId: "579d9fab-62c4-48f7-8dda-2757e251c783"
  Income:Sales:SalesItem:Sell18kJewelry -2000.00 HKD
  category: "Ring Setting"
  sku: "DDFFFFFF0B00000000000100"
  qty: 1
  referenceNo: "25"
  orderId: "17cafd5b-64c5-4307-9b15-01c22e79ad48"
  type: "Invoice Item"
  sourceId: "29118396-4a7b-4a73-a5d0-9b79ee73428e"
  Assets:CurrentAssets:AccountReceivable
  referenceNo: "25"
  orderId: "17cafd5b-64c5-4307-9b15-01c22e79ad48"
  type: "Invoice"
  sourceId: "17cafd5b-64c5-4307-9b15-01c22e79ad48"
  contact: "852 54079307 (MS.ANNIE) [ad7e9942-5782-4019-a50d-1cd74d896871]"
2022-04-26 * "Bill #93 SI-10229"
  referenceNo: "93"
  orderId: "9109ae9d-fd2c-4964-8091-fd32ddb4bc39"
  type: "Bill"
  Expenses:CostOfSales:Purchase:PurchaseItem:BuyBespoke 1606.00 HKD
  category: "Ring Setting"
  sku: "DDFFFFFF0B00000000000100"
  qty: 1
  referenceNo: "93"
  orderId: "9109ae9d-fd2c-4964-8091-fd32ddb4bc39"
  type: "Bill Item"
  sourceId: "851ed807-034d-438e-8def-085c889763f3"
  Expenses:CostOfSales:Purchase:PurchaseItem:Buy18kJewelry 2050.00 HKD
  category: "Ring Setting"
  sku: "DDFFFFFF0B00000000000101"
  qty: 1
  referenceNo: "93"
  orderId: "9109ae9d-fd2c-4964-8091-fd32ddb4bc39"
  type: "Bill Item"
  sourceId: "26e94e78-3703-4e2c-9c27-89d957aa0ba1"
  Liabilities:CurrentLiabilities:AccountPayable
  referenceNo: "93"
  orderId: "9109ae9d-fd2c-4964-8091-fd32ddb4bc39"
  type: "Bill"
  sourceId: "9109ae9d-fd2c-4964-8091-fd32ddb4bc39"
  contact: "998 12345767 (SkyHighHoldingsGroupLtd)"
2022-04-26 * "Liabilities:CurrentLiabilities:CurrentAccount:C-a-ElmaJewelryLtd" "Invoice Payment for Invoice #25 #6695f59d-6d72-47fc-a886-870fe21629f7"
  Liabilities:CurrentLiabilities:CurrentAccount:C-a-ElmaJewelryLtd 10000.00 HKD
  type: "Invoice Payment"
  sourceId: "6695f59d-6d72-47fc-a886-870fe21629f7"
  referenceNo: "25"
  orderId: "17cafd5b-64c5-4307-9b15-01c22e79ad48"
  Assets:CurrentAssets:AccountReceivable -10000.00 HKD
  type: "Invoice Payment"
  sourceId: "6695f59d-6d72-47fc-a886-870fe21629f7"
  referenceNo: "25"
  orderId: "17cafd5b-64c5-4307-9b15-01c22e79ad48"
  contact: "852 54079307 (MS.ANNIE) [ad7e9942-5782-4019-a50d-1cd74d896871]"
2022-04-27 * "Invoice #31 INV-0050"
  Income:Sales:SalesItem:Sell18kJewelry -2500.00 HKD
  category: "Ring Setting"
  sku: "DDFFFFFF0B00000000000101"
  qty: 1
  referenceNo: "31"
  orderId: "a895693f-308f-4c0f-adf0-42d521f64204"
  type: "Invoice Item"
  sourceId: "48a5feb4-d6ca-4ab3-8c22-2b2525d97cf7"
  Income:Sales:SalesItem:SellDiamond -54500.00 HKD
  category: "Natural Diamond"
  sku: "DDFFFFFF0800002416201777"
  qty: 1
  referenceNo: "31"
  orderId: "a895693f-308f-4c0f-adf0-42d521f64204"
  type: "Invoice Item"
  sourceId: "07b0f82a-577d-4327-b7ec-92f3689edff3"
  Assets:CurrentAssets:AccountReceivable
  referenceNo: "31"
  orderId: "a895693f-308f-4c0f-adf0-42d521f64204"
  type: "Invoice"
  sourceId: "a895693f-308f-4c0f-adf0-42d521f64204"
  contact: "852 60904061 (MR.BENLEY) [d7b41054-6af9-49af-9762-8b45a398a688]"
2022-04-27 * "Bill #85 GIA PURCHASE"
  referenceNo: "85"
  orderId: "447c4767-c059-4666-b41a-5e6b1f00f042"
  type: "Bill"
  Expenses:CostOfSales:Purchase:PurchaseItem:BuyDiamond 36126.00 HKD
  category: "Natural Diamond"
  sku: "DDFFFFFF0800006422650276"
  qty: 1
  referenceNo: "85"
  orderId: "447c4767-c059-4666-b41a-5e6b1f00f042"
  type: "Bill Item"
  sourceId: "4c388468-a212-40a0-ba2e-dd4d8c7a6748"
  Expenses:CostOfSales:Purchase:PurchaseItem:BuyDiamond 58626.00 HKD
  category: "Natural Diamond"
  sku: "DDFFFFFF0800002171233159"
  qty: 1
  referenceNo: "85"
  orderId: "447c4767-c059-4666-b41a-5e6b1f00f042"
  type: "Bill Item"
  sourceId: "ad4ec33d-3c8f-4c41-81cb-aeb2e64a68d9"
  Expenses:CostOfSales:Purchase:PurchaseItem:BuyDiamond 43000.00 HKD
  category: "Natural Diamond"
  sku: "DDFFFFFF0800002426688807"
  qty: 1
  referenceNo: "85"
  orderId: "447c4767-c059-4666-b41a-5e6b1f00f042"
  type: "Bill Item"
  sourceId: "e48036c2-ddc8-4552-b36b-2e89f9155384"
  Expenses:CostOfSales:Purchase:PurchaseItem:BuyDiamond 54047.00 HKD
  category: "Natural Diamond"
  sku: "DDFFFFFF0800002426510714"
  qty: 1
  referenceNo: "85"
  orderId: "447c4767-c059-4666-b41a-5e6b1f00f042"
  type: "Bill Item"
  sourceId: "566cc739-1dce-4727-8307-cbf871e18e88"
  Liabilities:CurrentLiabilities:AccountPayable
  referenceNo: "85"
  orderId: "447c4767-c059-4666-b41a-5e6b1f00f042"
  type: "Bill"
  sourceId: "447c4767-c059-4666-b41a-5e6b1f00f042"
  contact: "998 12345767 (SkyHighHoldingsGroupLtd)"
2022-04-27 * "Bill #86 PO-0007, 0008(INV-0049, 0050, MEMO GIA PURCHASE)"
  referenceNo: "86"
  orderId: "25307f18-5a82-4229-af9b-0f0e94220edf"
  type: "Bill"
  Expenses:CostOfSales:Purchase:PurchaseItem:BuyDiamond 47320.00 HKD
  category: "Natural Diamond"
  sku: "DDFFFFFF0800002416201777"
  qty: 1
  referenceNo: "86"
  orderId: "25307f18-5a82-4229-af9b-0f0e94220edf"
  type: "Bill Item"
  sourceId: "e0846a4c-c7f6-4f6a-ba91-5c57a24e66de"
  Expenses:CostOfSales:Purchase:PurchaseItem:BuyDiamond 35400.00 HKD
  category: "Natural Diamond"
  sku: "DDFFFFFF0800006422734454"
  qty: 1
  referenceNo: "86"
  orderId: "25307f18-5a82-4229-af9b-0f0e94220edf"
  type: "Bill Item"
  sourceId: "2339ef7f-3a2d-4e6f-8804-81002707a14a"
  Liabilities:CurrentLiabilities:AccountPayable
  referenceNo: "86"
  orderId: "25307f18-5a82-4229-af9b-0f0e94220edf"
  type: "Bill"
  sourceId: "25307f18-5a82-4229-af9b-0f0e94220edf"
  contact: "998 12345767 (SkyHighHoldingsGroupLtd)"
2022-04-27 * "Liabilities:CurrentLiabilities:CurrentAccount:C-a-ElmaJewelryLtd" "Invoice Payment for Invoice #31 #2ed234e4-c4b5-4d0b-83b9-e69988ae4c97"
  Liabilities:CurrentLiabilities:CurrentAccount:C-a-ElmaJewelryLtd 10000.00 HKD
  type: "Invoice Payment"
  sourceId: "2ed234e4-c4b5-4d0b-83b9-e69988ae4c97"
  referenceNo: "31"
  orderId: "a895693f-308f-4c0f-adf0-42d521f64204"
  Assets:CurrentAssets:AccountReceivable -10000.00 HKD
  type: "Invoice Payment"
  sourceId: "2ed234e4-c4b5-4d0b-83b9-e69988ae4c97"
  referenceNo: "31"
  orderId: "a895693f-308f-4c0f-adf0-42d521f64204"
  contact: "852 60904061 (MR.BENLEY) [d7b41054-6af9-49af-9762-8b45a398a688]"
2022-04-28 * "Bill #122 EX00020"
  referenceNo: "122"
  orderId: "0b63bd83-0dcd-4894-b6fd-df655716d5d0"
  type: "Bill"
  Expenses:GeneralExpense:BuildingManagementFee 1648.00 HKD
  qty: "1"
  description: "323管理費(2022-5月)"
  referenceNo: "122"
  orderId: "0b63bd83-0dcd-4894-b6fd-df655716d5d0"
  type: "Bill Item"
  sourceId: "3fcf83e6-ff69-4bb0-931b-b3e226c6da13"
  Liabilities:CurrentLiabilities:AccountPayable
  referenceNo: "122"
  orderId: "0b63bd83-0dcd-4894-b6fd-df655716d5d0"
  type: "Bill"
  sourceId: "0b63bd83-0dcd-4894-b6fd-df655716d5d0"
  contact: "880 806 ()"
2022-04-28 * "Bill #87 EX00021"
  referenceNo: "87"
  orderId: "6e9863c0-40a0-47ee-9f62-b443d481d26b"
  type: "Bill"
  Expenses:GeneralExpense:TelephoneAndInternetAndAlarm 380.00 HKD
  qty: "1"
  description: "電費/電話/寬頻/警鐘 - 323上網(2022-4月)"
  referenceNo: "87"
  orderId: "6e9863c0-40a0-47ee-9f62-b443d481d26b"
  type: "Bill Item"
  sourceId: "419df77e-d63e-41aa-9914-6020f4ffdc5f"
  Liabilities:CurrentLiabilities:AccountPayable
  referenceNo: "87"
  orderId: "6e9863c0-40a0-47ee-9f62-b443d481d26b"
  type: "Bill"
  sourceId: "6e9863c0-40a0-47ee-9f62-b443d481d26b"
  contact: "880 806 ()"
2022-04-29 * "Bill #74 PO-0010(GIA PURCHASE)"
  referenceNo: "74"
  orderId: "a32e07b6-9030-4256-8121-7a1ace2e9e70"
  type: "Bill"
  Expenses:CostOfSales:Purchase:PurchaseItem:BuyDiamond 47728.00 HKD
  category: "Natural Diamond"
  sku: "DDFFFFFF0800002427703626"
  qty: 1
  referenceNo: "74"
  orderId: "a32e07b6-9030-4256-8121-7a1ace2e9e70"
  type: "Bill Item"
  sourceId: "d2477b9a-fac8-421e-afd2-200b377ddc8d"
  Expenses:CostOfSales:Purchase:PurchaseItem:BuyDiamond 49376.00 HKD
  category: "Natural Diamond"
  sku: "DDFFFFFF0800002426392166"
  qty: 1
  referenceNo: "74"
  orderId: "a32e07b6-9030-4256-8121-7a1ace2e9e70"
  type: "Bill Item"
  sourceId: "737c910d-2a87-474e-b7f4-5d10fd39fa06"
  Expenses:CostOfSales:Purchase:PurchaseItem:BuyDiamond 45595.00 HKD
  category: "Natural Diamond"
  sku: "DDFFFFFF0800005223582448"
  qty: 1
  referenceNo: "74"
  orderId: "a32e07b6-9030-4256-8121-7a1ace2e9e70"
  type: "Bill Item"
  sourceId: "cc78bdef-13c5-4db6-aa14-faba0bc5926f"
  Expenses:CostOfSales:Purchase:PurchaseItem:BuyDiamond 60367.00 HKD
  category: "Natural Diamond"
  sku: "DDFFFFFF0800006422759574"
  qty: 1
  referenceNo: "74"
  orderId: "a32e07b6-9030-4256-8121-7a1ace2e9e70"
  type: "Bill Item"
  sourceId: "6fe41a9e-2d48-498e-b632-80c5449c307c"
  Liabilities:CurrentLiabilities:AccountPayable
  referenceNo: "74"
  orderId: "a32e07b6-9030-4256-8121-7a1ace2e9e70"
  type: "Bill"
  sourceId: "a32e07b6-9030-4256-8121-7a1ace2e9e70"
  contact: "998 12345767 (SkyHighHoldingsGroupLtd)"
2022-04-30 * "Bill #91 PO-0011(GIA PURCHASE)"
  referenceNo: "91"
  orderId: "2afb59ea-2be3-4373-a518-14d01449b67e"
  type: "Bill"
  Expenses:CostOfSales:Purchase:PurchaseItem:BuyDiamond 41320.00 HKD
  category: "Natural Diamond"
  sku: "DDFFFFFF0800006415539240"
  qty: 1
  referenceNo: "91"
  orderId: "2afb59ea-2be3-4373-a518-14d01449b67e"
  type: "Bill Item"
  sourceId: "78554891-578b-4bb3-ba8e-0008e351df7a"
  Liabilities:CurrentLiabilities:AccountPayable
  referenceNo: "91"
  orderId: "2afb59ea-2be3-4373-a518-14d01449b67e"
  type: "Bill"
  sourceId: "2afb59ea-2be3-4373-a518-14d01449b67e"
  contact: "998 12345767 (SkyHighHoldingsGroupLtd)"
2022-04-30 * "Liabilities:CurrentLiabilities:CurrentAccount:C-a-ElmaJewelryLtd" "Invoice Payment for Invoice #25 #e3e989a2-53e4-49cb-acbe-726771515214"
  Liabilities:CurrentLiabilities:CurrentAccount:C-a-ElmaJewelryLtd 32000.00 HKD
  type: "Invoice Payment"
  sourceId: "e3e989a2-53e4-49cb-acbe-726771515214"
  referenceNo: "25"
  orderId: "17cafd5b-64c5-4307-9b15-01c22e79ad48"
  Assets:CurrentAssets:AccountReceivable -32000.00 HKD
  type: "Invoice Payment"
  sourceId: "e3e989a2-53e4-49cb-acbe-726771515214"
  referenceNo: "25"
  orderId: "17cafd5b-64c5-4307-9b15-01c22e79ad48"
  contact: "852 54079307 (MS.ANNIE) [ad7e9942-5782-4019-a50d-1cd74d896871]"