; ORDER transactions for 2022-08

2022-08-01 * "Bill #416 323 - RENT PAID"
  referenceNo: "416"
  orderId: "cad2e0cf-fae6-4b95-b727-98a882b49e30"
  type: "Bill"
  Expenses:GeneralExpense:Rent 17000 HKD
  qty: "1"
  description: "323 - RENT PAID"
  referenceNo: "416"
  orderId: "cad2e0cf-fae6-4b95-b727-98a882b49e30"
  type: "Bill Item"
  sourceId: "226f7313-7ef2-4d17-b8af-12ef2f54c3cd"
  Liabilities:CurrentLiabilities:AccountPayable
  referenceNo: "416"
  orderId: "cad2e0cf-fae6-4b95-b727-98a882b49e30"
  type: "Bill"
  sourceId: "cad2e0cf-fae6-4b95-b727-98a882b49e30"
  contact: "880 806 () [53b8789a-4451-4a1f-84f7-a9c5da7ada1a]"
2022-08-01 * "880 806 () [53b8789a-4451-4a1f-84f7-a9c5da7ada1a]" "Bill Payment for Bill #416 #e7eab7ff-d5c5-41b4-b597-bd11618201d4"
  contact: "880 806 () [53b8789a-4451-4a1f-84f7-a9c5da7ada1a]"
  Liabilities:CurrentLiabilities:AccountPayable 17000 HKD
  type: "Bill Payment"
  sourceId: "e7eab7ff-d5c5-41b4-b597-bd11618201d4"
  referenceNo: "416"
  orderId: "cad2e0cf-fae6-4b95-b727-98a882b49e30"
  Assets:CurrentAssets:Bank:BocCurrentBank -17000 HKD
  type: "Bill Payment"
  sourceId: "e7eab7ff-d5c5-41b4-b597-bd11618201d4"
  referenceNo: "416"
  orderId: "cad2e0cf-fae6-4b95-b727-98a882b49e30"
2022-08-03 * "Invoice #190 INV-0102 MS. TSE"
  Income:Sales:SalesItem:Sell18kJewelry -3900 HKD
  category: "Jewelry"
  sku: "DDFFFFFF0500000000000024"
  qty: 1
  referenceNo: "190"
  orderId: "feb36ac3-85fb-4af4-92ff-d1c699fd58f1"
  type: "Invoice Item"
  sourceId: "7b3887d9-5189-4487-bfd5-5066ebf418f9"
  Assets:CurrentAssets:AccountReceivable
  referenceNo: "190"
  orderId: "feb36ac3-85fb-4af4-92ff-d1c699fd58f1"
  type: "Invoice"
  sourceId: "feb36ac3-85fb-4af4-92ff-d1c699fd58f1"
  contact: "852 96782187 (MS. TSE) [ffcc35ca-969b-4789-a069-b4850f44cb4d]"
2022-08-03 * "Bill #265 (PENDING) 無SI, INV-0103"
  referenceNo: "265"
  orderId: "6c46aadf-9058-4d2c-9d6e-685d691fd92a"
  type: "Bill"
  Expenses:CostOfSales:Purchase:PurchaseItem:BuyCost-ProcessingFee 1 HKD
  qty: "1"
  description: "RESIZE TO SIZE19 GIA #2225375354  "
  referenceNo: "265"
  orderId: "6c46aadf-9058-4d2c-9d6e-685d691fd92a"
  type: "Bill Item"
  sourceId: "a36037ab-c60e-4547-9116-88c65b894f1c"
  Liabilities:CurrentLiabilities:AccountPayable
  referenceNo: "265"
  orderId: "6c46aadf-9058-4d2c-9d6e-685d691fd92a"
  type: "Bill"
  sourceId: "6c46aadf-9058-4d2c-9d6e-685d691fd92a"
  contact: "998 12345767 (SkyHigh Holdings Group Ltd) [efdca012-5d6e-4361-8ec7-f5566615d58a]"
2022-08-03 * "Bill #244 NO.154013403 NEW GIA STOCK PURCHASE"
  referenceNo: "244"
  orderId: "fe17d2d4-4876-4422-8828-ef6dcd67d31f"
  type: "Bill"
  Expenses:CostOfSales:Purchase:PurchaseItem:BuyDiamond 36107.1 HKD
  category: "Natural Diamond"
  sku: "DDFFFFFF0800006422884486"
  qty: 1
  referenceNo: "244"
  orderId: "fe17d2d4-4876-4422-8828-ef6dcd67d31f"
  type: "Bill Item"
  sourceId: "dcedbb28-5512-454c-b080-00bcb27a3b29"
  Liabilities:CurrentLiabilities:AccountPayable
  referenceNo: "244"
  orderId: "fe17d2d4-4876-4422-8828-ef6dcd67d31f"
  type: "Bill"
  sourceId: "fe17d2d4-4876-4422-8828-ef6dcd67d31f"
  contact: "998 12345743 (R A GEM CENTRE LTD) [32b53329-bbc8-4c7f-bb89-ad9a6bc9d416]"
2022-08-03 * "Assets:CurrentAssets:Bank:BocSavingBank" "Invoice Payment for Invoice #190 #6fd1a82b-71ce-4ca8-82b4-171ad2b428c3"
  Assets:CurrentAssets:Bank:BocSavingBank 3900 HKD
  type: "Invoice Payment"
  sourceId: "6fd1a82b-71ce-4ca8-82b4-171ad2b428c3"
  referenceNo: "190"
  orderId: "feb36ac3-85fb-4af4-92ff-d1c699fd58f1"
  Assets:CurrentAssets:AccountReceivable -3900 HKD
  type: "Invoice Payment"
  sourceId: "6fd1a82b-71ce-4ca8-82b4-171ad2b428c3"
  referenceNo: "190"
  orderId: "feb36ac3-85fb-4af4-92ff-d1c699fd58f1"
  contact: "852 96782187 (MS. TSE) [ffcc35ca-969b-4789-a069-b4850f44cb4d]"
2022-08-03 * "998 12345743 (R A GEM CENTRE LTD) [32b53329-bbc8-4c7f-bb89-ad9a6bc9d416]" "Bill Payment for Bill #244 #c6b22c07-c026-4985-8508-efbf066edd87"
  contact: "998 12345743 (R A GEM CENTRE LTD) [32b53329-bbc8-4c7f-bb89-ad9a6bc9d416]"
  Liabilities:CurrentLiabilities:AccountPayable 36107.1 HKD
  type: "Bill Payment"
  sourceId: "c6b22c07-c026-4985-8508-efbf066edd87"
  referenceNo: "244"
  orderId: "fe17d2d4-4876-4422-8828-ef6dcd67d31f"
  Assets:CurrentAssets:Bank:BocSavingBank -36107.1 HKD
  type: "Bill Payment"
  sourceId: "c6b22c07-c026-4985-8508-efbf066edd87"
  referenceNo: "244"
  orderId: "fe17d2d4-4876-4422-8828-ef6dcd67d31f"
2022-08-04 * "Bill #220 kpay017"
  referenceNo: "220"
  orderId: "ccc8e0b0-b92b-4e2c-b0cb-3393c79d9659"
  type: "Bill"
  Expenses:GeneralExpense:CardFeeExpense 464.5 HKD
  qty: "1"
  description: "KPAY FEE"
  referenceNo: "220"
  orderId: "ccc8e0b0-b92b-4e2c-b0cb-3393c79d9659"
  type: "Bill Item"
  sourceId: "36f6ede3-302a-443e-82b6-57d3725b9a90"
  Liabilities:CurrentLiabilities:AccountPayable
  referenceNo: "220"
  orderId: "ccc8e0b0-b92b-4e2c-b0cb-3393c79d9659"
  type: "Bill"
  sourceId: "ccc8e0b0-b92b-4e2c-b0cb-3393c79d9659"
  contact: "998 12345821 (KPAY) [5a706f32-7edc-48d8-ae47-62fee1e8bba1]"
2022-08-04 * "Assets:CurrentAssets:Bank:KpayBank" "Invoice Payment for Invoice #26 #0c113a38-4faf-4bd1-81e7-1b4f00ffd497"
  Assets:CurrentAssets:Bank:KpayBank 30900 HKD
  type: "Invoice Payment"
  sourceId: "0c113a38-4faf-4bd1-81e7-1b4f00ffd497"
  referenceNo: "26"
  orderId: "be8184d9-d2a2-4de1-8119-1b950bd8af89"
  Assets:CurrentAssets:AccountReceivable -30900 HKD
  type: "Invoice Payment"
  sourceId: "0c113a38-4faf-4bd1-81e7-1b4f00ffd497"
  referenceNo: "26"
  orderId: "be8184d9-d2a2-4de1-8119-1b950bd8af89"
  contact: "852 61505064 (MR. WONG CYRUS) [ce2202db-c730-46e9-955e-c10ce8d2327d]"
2022-08-04 * "998 12345821 (KPAY) [5a706f32-7edc-48d8-ae47-62fee1e8bba1]" "Bill Payment for Bill #220 #ee8a656f-b6ee-4db7-a673-547fc2c39e13"
  contact: "998 12345821 (KPAY) [5a706f32-7edc-48d8-ae47-62fee1e8bba1]"
  Liabilities:CurrentLiabilities:AccountPayable 464.5 HKD
  type: "Bill Payment"
  sourceId: "ee8a656f-b6ee-4db7-a673-547fc2c39e13"
  referenceNo: "220"
  orderId: "ccc8e0b0-b92b-4e2c-b0cb-3393c79d9659"
  Assets:CurrentAssets:Bank:KpayBank -464.5 HKD
  type: "Bill Payment"
  sourceId: "ee8a656f-b6ee-4db7-a673-547fc2c39e13"
  referenceNo: "220"
  orderId: "ccc8e0b0-b92b-4e2c-b0cb-3393c79d9659"
2022-08-06 * "Bill #273 (PENDING) 無SI #104"
  referenceNo: "273"
  orderId: "785ec110-d866-455e-b427-a07eabc0e993"
  type: "Bill"
  Expenses:CostOfSales:Purchase:PurchaseItem:BuyCost-ProcessingFee 1 HKD
  category: "Other"
  sku: "Processing 014"
  qty: 1
  referenceNo: "273"
  orderId: "785ec110-d866-455e-b427-a07eabc0e993"
  type: "Bill Item"
  sourceId: "af0605d3-d9d8-4183-b37c-2ac57e4df7ea"
  Liabilities:CurrentLiabilities:AccountPayable
  referenceNo: "273"
  orderId: "785ec110-d866-455e-b427-a07eabc0e993"
  type: "Bill"
  sourceId: "785ec110-d866-455e-b427-a07eabc0e993"
  contact: "998 12345767 (SkyHigh Holdings Group Ltd) [efdca012-5d6e-4361-8ec7-f5566615d58a]"
2022-08-06 * "998 12345767 (SkyHigh Holdings Group Ltd) [efdca012-5d6e-4361-8ec7-f5566615d58a]" "Bill Payment for Bill #649 #c95ab77f-d047-42ac-943d-6dc33ea6f06d"
  contact: "998 12345767 (SkyHigh Holdings Group Ltd) [efdca012-5d6e-4361-8ec7-f5566615d58a]"
  Liabilities:CurrentLiabilities:AccountPayable 1874 HKD
  type: "Bill Payment"
  sourceId: "c95ab77f-d047-42ac-943d-6dc33ea6f06d"
  referenceNo: "649"
  orderId: "cc8f09e7-f6dd-495d-9756-955db9a04696"
  Assets:CurrentAssets:TradeDeposit:TradeDeposit-SkyhighHoldingsGroupLtd -1874 HKD
  type: "Bill Payment"
  sourceId: "c95ab77f-d047-42ac-943d-6dc33ea6f06d"
  referenceNo: "649"
  orderId: "cc8f09e7-f6dd-495d-9756-955db9a04696"
2022-08-06 * "998 12345767 (SkyHigh Holdings Group Ltd) [efdca012-5d6e-4361-8ec7-f5566615d58a]" "Bill Payment for Bill #635 #67916d56-16ea-4ef6-96e5-15ee1651da89"
  contact: "998 12345767 (SkyHigh Holdings Group Ltd) [efdca012-5d6e-4361-8ec7-f5566615d58a]"
  Liabilities:CurrentLiabilities:AccountPayable 1824 HKD
  type: "Bill Payment"
  sourceId: "67916d56-16ea-4ef6-96e5-15ee1651da89"
  referenceNo: "635"
  orderId: "fa08c1be-6e1b-4561-bbf9-c9f4a757a317"
  Assets:CurrentAssets:TradeDeposit:TradeDeposit-SkyhighHoldingsGroupLtd -1824 HKD
  type: "Bill Payment"
  sourceId: "67916d56-16ea-4ef6-96e5-15ee1651da89"
  referenceNo: "635"
  orderId: "fa08c1be-6e1b-4561-bbf9-c9f4a757a317"
2022-08-06 * "998 12345767 (SkyHigh Holdings Group Ltd) [efdca012-5d6e-4361-8ec7-f5566615d58a]" "Bill Payment for Bill #635 #cce733de-e06a-4b66-9200-f80a3faf475c"
  contact: "998 12345767 (SkyHigh Holdings Group Ltd) [efdca012-5d6e-4361-8ec7-f5566615d58a]"
  Liabilities:CurrentLiabilities:AccountPayable 2880 HKD
  type: "Bill Payment"
  sourceId: "cce733de-e06a-4b66-9200-f80a3faf475c"
  referenceNo: "635"
  orderId: "fa08c1be-6e1b-4561-bbf9-c9f4a757a317"
  Assets:CurrentAssets:TradeDeposit:TradeDeposit-SkyhighHoldingsGroupLtd -2880 HKD
  type: "Bill Payment"
  sourceId: "cce733de-e06a-4b66-9200-f80a3faf475c"
  referenceNo: "635"
  orderId: "fa08c1be-6e1b-4561-bbf9-c9f4a757a317"
2022-08-06 * "998 12345767 (SkyHigh Holdings Group Ltd) [efdca012-5d6e-4361-8ec7-f5566615d58a]" "Bill Payment for Bill #635 #e4429ef9-ccf0-4c3e-9a1b-0a51edd314e7"
  contact: "998 12345767 (SkyHigh Holdings Group Ltd) [efdca012-5d6e-4361-8ec7-f5566615d58a]"
  Liabilities:CurrentLiabilities:AccountPayable 2266 HKD
  type: "Bill Payment"
  sourceId: "e4429ef9-ccf0-4c3e-9a1b-0a51edd314e7"
  referenceNo: "635"
  orderId: "fa08c1be-6e1b-4561-bbf9-c9f4a757a317"
  Assets:CurrentAssets:TradeDeposit:TradeDeposit-SkyhighHoldingsGroupLtd -2266 HKD
  type: "Bill Payment"
  sourceId: "e4429ef9-ccf0-4c3e-9a1b-0a51edd314e7"
  referenceNo: "635"
  orderId: "fa08c1be-6e1b-4561-bbf9-c9f4a757a317"
2022-08-06 * "998 12345767 (SkyHigh Holdings Group Ltd) [efdca012-5d6e-4361-8ec7-f5566615d58a]" "Bill Payment for Bill #635 #da83a5d0-8d41-45cc-a6bb-80c2ea3ad654"
  contact: "998 12345767 (SkyHigh Holdings Group Ltd) [efdca012-5d6e-4361-8ec7-f5566615d58a]"
  Liabilities:CurrentLiabilities:AccountPayable 2354 HKD
  type: "Bill Payment"
  sourceId: "da83a5d0-8d41-45cc-a6bb-80c2ea3ad654"
  referenceNo: "635"
  orderId: "fa08c1be-6e1b-4561-bbf9-c9f4a757a317"
  Assets:CurrentAssets:TradeDeposit:TradeDeposit-SkyhighHoldingsGroupLtd -2354 HKD
  type: "Bill Payment"
  sourceId: "da83a5d0-8d41-45cc-a6bb-80c2ea3ad654"
  referenceNo: "635"
  orderId: "fa08c1be-6e1b-4561-bbf9-c9f4a757a317"
2022-08-06 * "998 12345767 (SkyHigh Holdings Group Ltd) [efdca012-5d6e-4361-8ec7-f5566615d58a]" "Bill Payment for Bill #648 #ea73b7d9-8b5d-448b-abe2-97b441ff9167"
  contact: "998 12345767 (SkyHigh Holdings Group Ltd) [efdca012-5d6e-4361-8ec7-f5566615d58a]"
  Liabilities:CurrentLiabilities:AccountPayable 2171 HKD
  type: "Bill Payment"
  sourceId: "ea73b7d9-8b5d-448b-abe2-97b441ff9167"
  referenceNo: "648"
  orderId: "15652347-cf9a-4fd3-abb1-0c8468c5f532"
  Assets:CurrentAssets:TradeDeposit:TradeDeposit-SkyhighHoldingsGroupLtd -2171 HKD
  type: "Bill Payment"
  sourceId: "ea73b7d9-8b5d-448b-abe2-97b441ff9167"
  referenceNo: "648"
  orderId: "15652347-cf9a-4fd3-abb1-0c8468c5f532"
2022-08-06 * "998 12345767 (SkyHigh Holdings Group Ltd) [efdca012-5d6e-4361-8ec7-f5566615d58a]" "Bill Payment for Bill #648 #a04399bd-d132-4b41-911d-dd153a2bb709"
  contact: "998 12345767 (SkyHigh Holdings Group Ltd) [efdca012-5d6e-4361-8ec7-f5566615d58a]"
  Liabilities:CurrentLiabilities:AccountPayable 2731 HKD
  type: "Bill Payment"
  sourceId: "a04399bd-d132-4b41-911d-dd153a2bb709"
  referenceNo: "648"
  orderId: "15652347-cf9a-4fd3-abb1-0c8468c5f532"
  Assets:CurrentAssets:TradeDeposit:TradeDeposit-SkyhighHoldingsGroupLtd -2731 HKD
  type: "Bill Payment"
  sourceId: "a04399bd-d132-4b41-911d-dd153a2bb709"
  referenceNo: "648"
  orderId: "15652347-cf9a-4fd3-abb1-0c8468c5f532"
2022-08-06 * "998 12345767 (SkyHigh Holdings Group Ltd) [efdca012-5d6e-4361-8ec7-f5566615d58a]" "Bill Payment for Bill #648 #33fdd0c6-8d34-4211-8561-55da4a501cf4"
  contact: "998 12345767 (SkyHigh Holdings Group Ltd) [efdca012-5d6e-4361-8ec7-f5566615d58a]"
  Liabilities:CurrentLiabilities:AccountPayable 1524 HKD
  type: "Bill Payment"
  sourceId: "33fdd0c6-8d34-4211-8561-55da4a501cf4"
  referenceNo: "648"
  orderId: "15652347-cf9a-4fd3-abb1-0c8468c5f532"
  Assets:CurrentAssets:TradeDeposit:TradeDeposit-SkyhighHoldingsGroupLtd -1524 HKD
  type: "Bill Payment"
  sourceId: "33fdd0c6-8d34-4211-8561-55da4a501cf4"
  referenceNo: "648"
  orderId: "15652347-cf9a-4fd3-abb1-0c8468c5f532"
2022-08-06 * "998 12345767 (SkyHigh Holdings Group Ltd) [efdca012-5d6e-4361-8ec7-f5566615d58a]" "Bill Payment for Bill #645 #b8e5fdd3-fae5-4b7f-b4ff-e201d7ded1b7"
  contact: "998 12345767 (SkyHigh Holdings Group Ltd) [efdca012-5d6e-4361-8ec7-f5566615d58a]"
  Liabilities:CurrentLiabilities:AccountPayable 250 HKD
  type: "Bill Payment"
  sourceId: "b8e5fdd3-fae5-4b7f-b4ff-e201d7ded1b7"
  referenceNo: "645"
  orderId: "e3af1da2-562a-4329-a319-a3e986db2677"
  Assets:CurrentAssets:TradeDeposit:TradeDeposit-SkyhighHoldingsGroupLtd -250 HKD
  type: "Bill Payment"
  sourceId: "b8e5fdd3-fae5-4b7f-b4ff-e201d7ded1b7"
  referenceNo: "645"
  orderId: "e3af1da2-562a-4329-a319-a3e986db2677"
2022-08-06 * "998 12345767 (SkyHigh Holdings Group Ltd) [efdca012-5d6e-4361-8ec7-f5566615d58a]" "Bill Payment for Bill #645 #14e53a18-d38d-4e17-97e3-3a74b23e5a9a"
  contact: "998 12345767 (SkyHigh Holdings Group Ltd) [efdca012-5d6e-4361-8ec7-f5566615d58a]"
  Liabilities:CurrentLiabilities:AccountPayable 2729 HKD
  type: "Bill Payment"
  sourceId: "14e53a18-d38d-4e17-97e3-3a74b23e5a9a"
  referenceNo: "645"
  orderId: "e3af1da2-562a-4329-a319-a3e986db2677"
  Assets:CurrentAssets:TradeDeposit:TradeDeposit-SkyhighHoldingsGroupLtd -2729 HKD
  type: "Bill Payment"
  sourceId: "14e53a18-d38d-4e17-97e3-3a74b23e5a9a"
  referenceNo: "645"
  orderId: "e3af1da2-562a-4329-a319-a3e986db2677"
2022-08-06 * "998 12345767 (SkyHigh Holdings Group Ltd) [efdca012-5d6e-4361-8ec7-f5566615d58a]" "Bill Payment for Bill #179 #58c2a610-2f00-4fe4-9a4a-f8adc50bc6ee"
  contact: "998 12345767 (SkyHigh Holdings Group Ltd) [efdca012-5d6e-4361-8ec7-f5566615d58a]"
  Liabilities:CurrentLiabilities:AccountPayable 4780 HKD
  type: "Bill Payment"
  sourceId: "58c2a610-2f00-4fe4-9a4a-f8adc50bc6ee"
  referenceNo: "179"
  orderId: "1bfe3b9d-0652-4b9e-ba0a-fc950d542f9d"
  Assets:CurrentAssets:TradeDeposit:TradeDeposit-SkyhighHoldingsGroupLtd -4780 HKD
  type: "Bill Payment"
  sourceId: "58c2a610-2f00-4fe4-9a4a-f8adc50bc6ee"
  referenceNo: "179"
  orderId: "1bfe3b9d-0652-4b9e-ba0a-fc950d542f9d"
2022-08-07 * "Bill #328 kpay018"
  referenceNo: "328"
  orderId: "7a446657-9352-4c82-86e2-4ec45a443fa3"
  type: "Bill"
  Expenses:GeneralExpense:CardFeeExpense 271 HKD
  qty: "1"
  description: "KPAY - KPAY FEE"
  referenceNo: "328"
  orderId: "7a446657-9352-4c82-86e2-4ec45a443fa3"
  type: "Bill Item"
  sourceId: "06983c7f-62b6-4715-8a97-b34501e98ad4"
  Liabilities:CurrentLiabilities:AccountPayable
  referenceNo: "328"
  orderId: "7a446657-9352-4c82-86e2-4ec45a443fa3"
  type: "Bill"
  sourceId: "7a446657-9352-4c82-86e2-4ec45a443fa3"
  contact: "998 12345821 (KPAY) [5a706f32-7edc-48d8-ae47-62fee1e8bba1]"
2022-08-07 * "Assets:CurrentAssets:Bank:KpayBank" "Invoice Payment for Invoice #50 #9864f16a-9425-4b9c-ac40-dc82f9333562"
  Assets:CurrentAssets:Bank:KpayBank 18000 HKD
  type: "Invoice Payment"
  sourceId: "9864f16a-9425-4b9c-ac40-dc82f9333562"
  referenceNo: "50"
  orderId: "c858c7b2-c50d-46e9-826b-ca97e75d7752"
  Assets:CurrentAssets:AccountReceivable -18000 HKD
  type: "Invoice Payment"
  sourceId: "9864f16a-9425-4b9c-ac40-dc82f9333562"
  referenceNo: "50"
  orderId: "c858c7b2-c50d-46e9-826b-ca97e75d7752"
  contact: "852 96240922 (MR. YIM CHARLES) [e9c90f50-5f06-4b4e-bb43-8d6f1cc13e77]"
2022-08-07 * "998 12345821 (KPAY) [5a706f32-7edc-48d8-ae47-62fee1e8bba1]" "Bill Payment for Bill #328 #f446aa11-15cd-4525-8b6c-e266bb3d97d9"
  contact: "998 12345821 (KPAY) [5a706f32-7edc-48d8-ae47-62fee1e8bba1]"
  Liabilities:CurrentLiabilities:AccountPayable 271 HKD
  type: "Bill Payment"
  sourceId: "f446aa11-15cd-4525-8b6c-e266bb3d97d9"
  referenceNo: "328"
  orderId: "7a446657-9352-4c82-86e2-4ec45a443fa3"
  Assets:CurrentAssets:Bank:KpayBank -271 HKD
  type: "Bill Payment"
  sourceId: "f446aa11-15cd-4525-8b6c-e266bb3d97d9"
  referenceNo: "328"
  orderId: "7a446657-9352-4c82-86e2-4ec45a443fa3"
2022-08-08 * "Bill #352 kpay019"
  referenceNo: "352"
  orderId: "1179e272-4af3-4128-9283-9604899e98c2"
  type: "Bill"
  Expenses:GeneralExpense:CardFeeExpense 892.75 HKD
  qty: "1"
  description: "KPAY - KPAY FEE"
  referenceNo: "352"
  orderId: "1179e272-4af3-4128-9283-9604899e98c2"
  type: "Bill Item"
  sourceId: "4d7f4345-4bad-497e-a3b0-dfa5f6e7af7e"
  Liabilities:CurrentLiabilities:AccountPayable
  referenceNo: "352"
  orderId: "1179e272-4af3-4128-9283-9604899e98c2"
  type: "Bill"
  sourceId: "1179e272-4af3-4128-9283-9604899e98c2"
  contact: "998 12345821 (KPAY) [5a706f32-7edc-48d8-ae47-62fee1e8bba1]"
2022-08-08 * "Assets:CurrentAssets:Bank:KpayBank" "Invoice Payment for Invoice #33 #6e0b2260-457a-438c-9609-edaa5910b6ab"
  Assets:CurrentAssets:Bank:KpayBank 33500 HKD
  type: "Invoice Payment"
  sourceId: "6e0b2260-457a-438c-9609-edaa5910b6ab"
  referenceNo: "33"
  orderId: "f2a97cf0-578a-4903-8515-c38f0ca59c72"
  Assets:CurrentAssets:AccountReceivable -33500 HKD
  type: "Invoice Payment"
  sourceId: "6e0b2260-457a-438c-9609-edaa5910b6ab"
  referenceNo: "33"
  orderId: "f2a97cf0-578a-4903-8515-c38f0ca59c72"
  contact: "852 94728454 (MR. WAN ISAAC) [e3b38c1f-182d-46d8-b0c7-e0c24d38b31a]"
2022-08-08 * "Assets:CurrentAssets:Bank:KpayBank" "Invoice Payment for Invoice #199 #a41400b4-b566-43b9-8d4b-939d4dc164c7"
  Assets:CurrentAssets:Bank:KpayBank 25950 HKD
  type: "Invoice Payment"
  sourceId: "a41400b4-b566-43b9-8d4b-939d4dc164c7"
  referenceNo: "199"
  orderId: "c7a9b971-cdaf-47b0-bc30-8be0f871f8fc"
  Assets:CurrentAssets:AccountReceivable -25950 HKD
  type: "Invoice Payment"
  sourceId: "a41400b4-b566-43b9-8d4b-939d4dc164c7"
  referenceNo: "199"
  orderId: "c7a9b971-cdaf-47b0-bc30-8be0f871f8fc"
  contact: "852 98238949 (MR. CHEUNG BROOKE) [a470a34e-8efc-4bb0-b6c4-92a1ba923d9b]"
2022-08-08 * "998 12345821 (KPAY) [5a706f32-7edc-48d8-ae47-62fee1e8bba1]" "Bill Payment for Bill #352 #0f86c450-4106-4812-b9ea-ef210d6b19c7"
  contact: "998 12345821 (KPAY) [5a706f32-7edc-48d8-ae47-62fee1e8bba1]"
  Liabilities:CurrentLiabilities:AccountPayable 892.75 HKD
  type: "Bill Payment"
  sourceId: "0f86c450-4106-4812-b9ea-ef210d6b19c7"
  referenceNo: "352"
  orderId: "1179e272-4af3-4128-9283-9604899e98c2"
  Assets:CurrentAssets:Bank:KpayBank -892.75 HKD
  type: "Bill Payment"
  sourceId: "0f86c450-4106-4812-b9ea-ef210d6b19c7"
  referenceNo: "352"
  orderId: "1179e272-4af3-4128-9283-9604899e98c2"
2022-08-09 * "Invoice #10 INV-0104 MR. LEUNG KAI PONG"
  Income:Sales:SalesItem:Sell-ForProcess交外廠加工 -200 HKD
  category: "Other"
  sku: "Processing 014"
  qty: 1
  referenceNo: "10"
  orderId: "195be38e-7fb0-407d-acb5-c5398669af49"
  type: "Invoice Item"
  sourceId: "f9e18fb9-3e01-479c-b5cb-3c15f9cbfcd3"
  Assets:CurrentAssets:AccountReceivable
  referenceNo: "10"
  orderId: "195be38e-7fb0-407d-acb5-c5398669af49"
  type: "Invoice"
  sourceId: "195be38e-7fb0-407d-acb5-c5398669af49"
  contact: "852 95849817 (MR. LEUNG KAI PONG) [75db9950-ca1b-40d2-8561-c645a3b879f8]"
2022-08-09 * "Bill #241 kpay020"
  referenceNo: "241"
  orderId: "aaf78235-ef38-4e93-abf6-fb0d80041527"
  type: "Bill"
  Expenses:GeneralExpense:CardFeeExpense 25 HKD
  qty: "1"
  description: "KPAY FEE"
  referenceNo: "241"
  orderId: "aaf78235-ef38-4e93-abf6-fb0d80041527"
  type: "Bill Item"
  sourceId: "1d8e6f69-1a1e-45ae-a878-52d98c6633d6"
  Liabilities:CurrentLiabilities:AccountPayable
  referenceNo: "241"
  orderId: "aaf78235-ef38-4e93-abf6-fb0d80041527"
  type: "Bill"
  sourceId: "aaf78235-ef38-4e93-abf6-fb0d80041527"
  contact: "998 12345821 (KPAY) [5a706f32-7edc-48d8-ae47-62fee1e8bba1]"
2022-08-09 * "Assets:CurrentAssets:Cash:CashInHand" "Invoice Payment for Invoice #10 #63e48520-5975-4f6b-a4b8-798a22f4f8fc"
  Assets:CurrentAssets:Cash:CashInHand 200 HKD
  type: "Invoice Payment"
  sourceId: "63e48520-5975-4f6b-a4b8-798a22f4f8fc"
  referenceNo: "10"
  orderId: "195be38e-7fb0-407d-acb5-c5398669af49"
  Assets:CurrentAssets:AccountReceivable -200 HKD
  type: "Invoice Payment"
  sourceId: "63e48520-5975-4f6b-a4b8-798a22f4f8fc"
  referenceNo: "10"
  orderId: "195be38e-7fb0-407d-acb5-c5398669af49"
  contact: "852 95849817 (MR. LEUNG KAI PONG) [75db9950-ca1b-40d2-8561-c645a3b879f8]"
2022-08-09 * "Assets:CurrentAssets:Bank:BocSavingBank" "Invoice Payment for Invoice #202 #8a2c9294-cf45-4bc9-9274-a6fb12819321"
  Assets:CurrentAssets:Bank:BocSavingBank 5400 HKD
  type: "Invoice Payment"
  sourceId: "8a2c9294-cf45-4bc9-9274-a6fb12819321"
  referenceNo: "202"
  orderId: "c0c6f3ff-30b5-48dd-a02d-f934d42e977d"
  Assets:CurrentAssets:AccountReceivable -5400 HKD
  type: "Invoice Payment"
  sourceId: "8a2c9294-cf45-4bc9-9274-a6fb12819321"
  referenceNo: "202"
  orderId: "c0c6f3ff-30b5-48dd-a02d-f934d42e977d"
  contact: "852 54332298 (MR. CHAN) [e4099299-42b3-4b28-bad6-61f8faef9b06]"
2022-08-09 * "Assets:CurrentAssets:Bank:KpayBank" "Invoice Payment for Invoice #202 #cc7230a4-e3b5-4ebf-ac5f-4d5d870ac7a2"
  Assets:CurrentAssets:Bank:KpayBank 2000 HKD
  type: "Invoice Payment"
  sourceId: "cc7230a4-e3b5-4ebf-ac5f-4d5d870ac7a2"
  referenceNo: "202"
  orderId: "c0c6f3ff-30b5-48dd-a02d-f934d42e977d"
  Assets:CurrentAssets:AccountReceivable -2000 HKD
  type: "Invoice Payment"
  sourceId: "cc7230a4-e3b5-4ebf-ac5f-4d5d870ac7a2"
  referenceNo: "202"
  orderId: "c0c6f3ff-30b5-48dd-a02d-f934d42e977d"
  contact: "852 54332298 (MR. CHAN) [e4099299-42b3-4b28-bad6-61f8faef9b06]"
2022-08-09 * "998 12345821 (KPAY) [5a706f32-7edc-48d8-ae47-62fee1e8bba1]" "Bill Payment for Bill #241 #2b6cbe16-aef5-4a7b-8a9d-0a058353f82e"
  contact: "998 12345821 (KPAY) [5a706f32-7edc-48d8-ae47-62fee1e8bba1]"
  Liabilities:CurrentLiabilities:AccountPayable 25 HKD
  type: "Bill Payment"
  sourceId: "2b6cbe16-aef5-4a7b-8a9d-0a058353f82e"
  referenceNo: "241"
  orderId: "aaf78235-ef38-4e93-abf6-fb0d80041527"
  Assets:CurrentAssets:Bank:KpayBank -25 HKD
  type: "Bill Payment"
  sourceId: "2b6cbe16-aef5-4a7b-8a9d-0a058353f82e"
  referenceNo: "241"
  orderId: "aaf78235-ef38-4e93-abf6-fb0d80041527"
2022-08-10 * "Invoice #54 INV-0105 MS. NG NAMBE"
  Income:Sales:Discount --500 HKD
  description: "CASH COUPON DKKCC 500-001"
  qty: 1
  referenceNo: "54"
  orderId: "b7d356ce-1f03-4eef-89fe-68e0c96969eb"
  type: "Invoice Item"
  sourceId: "cbc186eb-b79a-4187-aeba-192f8d5131a3"
  Income:Sales:SalesItem:Sell18kJewelry -1280 HKD
  category: "Jewelry"
  sku: "DDFFFFFF0700000000000019"
  qty: 1
  referenceNo: "54"
  orderId: "b7d356ce-1f03-4eef-89fe-68e0c96969eb"
  type: "Invoice Item"
  sourceId: "01ffbeee-a1f3-48a2-b1f8-475d43fab9fb"
  Assets:CurrentAssets:AccountReceivable
  referenceNo: "54"
  orderId: "b7d356ce-1f03-4eef-89fe-68e0c96969eb"
  type: "Invoice"
  sourceId: "b7d356ce-1f03-4eef-89fe-68e0c96969eb"
  contact: "852 52903558 (MS. NG NAMBE) [0279af68-b140-4542-ba31-76157a649444]"
2022-08-10 * "Bill #358 kpay021"
  referenceNo: "358"
  orderId: "062d611c-44bb-49e3-92f2-de6eb7ecbd04"
  type: "Bill"
  Expenses:GeneralExpense:CardFeeExpense 389.2 HKD
  qty: "1"
  description: "KPAY FEE"
  referenceNo: "358"
  orderId: "062d611c-44bb-49e3-92f2-de6eb7ecbd04"
  type: "Bill Item"
  sourceId: "f71269d9-090c-4951-a764-338b3741852b"
  Liabilities:CurrentLiabilities:AccountPayable
  referenceNo: "358"
  orderId: "062d611c-44bb-49e3-92f2-de6eb7ecbd04"
  type: "Bill"
  sourceId: "062d611c-44bb-49e3-92f2-de6eb7ecbd04"
  contact: "998 12345821 (KPAY) [5a706f32-7edc-48d8-ae47-62fee1e8bba1]"
2022-08-10 * "Assets:CurrentAssets:Bank:KpayBank" "Invoice Payment for Invoice #54 #10e1a012-77ce-4375-a083-a8b990199889"
  Assets:CurrentAssets:Bank:KpayBank 780 HKD
  type: "Invoice Payment"
  sourceId: "10e1a012-77ce-4375-a083-a8b990199889"
  referenceNo: "54"
  orderId: "b7d356ce-1f03-4eef-89fe-68e0c96969eb"
  Assets:CurrentAssets:AccountReceivable -780 HKD
  type: "Invoice Payment"
  sourceId: "10e1a012-77ce-4375-a083-a8b990199889"
  referenceNo: "54"
  orderId: "b7d356ce-1f03-4eef-89fe-68e0c96969eb"
  contact: "852 52903558 (MS. NG NAMBE) [0279af68-b140-4542-ba31-76157a649444]"
2022-08-10 * "Assets:CurrentAssets:Cash:CashInHand" "Invoice Payment for Invoice #181 #4e7826a1-848b-47c9-bb24-545fd136b63d"
  Assets:CurrentAssets:Cash:CashInHand 17300 HKD
  type: "Invoice Payment"
  sourceId: "4e7826a1-848b-47c9-bb24-545fd136b63d"
  referenceNo: "181"
  orderId: "adc8b842-81a9-48d3-a542-187b46a6b694"
  Assets:CurrentAssets:AccountReceivable -17300 HKD
  type: "Invoice Payment"
  sourceId: "4e7826a1-848b-47c9-bb24-545fd136b63d"
  referenceNo: "181"
  orderId: "adc8b842-81a9-48d3-a542-187b46a6b694"
  contact: "852 93311629 (MR.KAN KEN) [7dd734fa-c169-42a6-a1d3-4430b89b2817]"
2022-08-10 * "Assets:CurrentAssets:Bank:KpayBank" "Invoice Payment for Invoice #107 #59786157-9d97-458e-b738-21421033a746"
  Assets:CurrentAssets:Bank:KpayBank 25100 HKD
  type: "Invoice Payment"
  sourceId: "59786157-9d97-458e-b738-21421033a746"
  referenceNo: "107"
  orderId: "1e46f776-9bc2-4d23-8ddc-032f6df3703d"
  Assets:CurrentAssets:AccountReceivable -25100 HKD
  type: "Invoice Payment"
  sourceId: "59786157-9d97-458e-b738-21421033a746"
  referenceNo: "107"
  orderId: "1e46f776-9bc2-4d23-8ddc-032f6df3703d"
  contact: "852 52903558 (MS. NG NAMBE) [0279af68-b140-4542-ba31-76157a649444]"
2022-08-10 * "998 12345821 (KPAY) [5a706f32-7edc-48d8-ae47-62fee1e8bba1]" "Bill Payment for Bill #358 #5cdcb1bd-cdfd-44d1-abcc-ce68e1ae6e7f"
  contact: "998 12345821 (KPAY) [5a706f32-7edc-48d8-ae47-62fee1e8bba1]"
  Liabilities:CurrentLiabilities:AccountPayable 389.2 HKD
  type: "Bill Payment"
  sourceId: "5cdcb1bd-cdfd-44d1-abcc-ce68e1ae6e7f"
  referenceNo: "358"
  orderId: "062d611c-44bb-49e3-92f2-de6eb7ecbd04"
  Assets:CurrentAssets:Bank:KpayBank -389.2 HKD
  type: "Bill Payment"
  sourceId: "5cdcb1bd-cdfd-44d1-abcc-ce68e1ae6e7f"
  referenceNo: "358"
  orderId: "062d611c-44bb-49e3-92f2-de6eb7ecbd04"
2022-08-10 * "Bill #437 EPS 按金"
  referenceNo: "437"
  orderId: "e1f9dfff-59d8-4f72-b716-471482c05544"
  type: "Bill"
  Assets:CurrentAssets:Deposit押金 1100 HKD
  qty: "1"
  description: "EPS 按金"
  referenceNo: "437"
  orderId: "e1f9dfff-59d8-4f72-b716-471482c05544"
  type: "Bill Item"
  sourceId: "967051a4-6a31-4f1f-ba4d-763909156c48"
  Liabilities:CurrentLiabilities:AccountPayable
  referenceNo: "437"
  orderId: "e1f9dfff-59d8-4f72-b716-471482c05544"
  type: "Bill"
  sourceId: "e1f9dfff-59d8-4f72-b716-471482c05544"
  contact: "880 806 () [53b8789a-4451-4a1f-84f7-a9c5da7ada1a]"
2022-08-10 * "880 806 () [53b8789a-4451-4a1f-84f7-a9c5da7ada1a]" "Bill Payment for Bill #437 #2a653def-0895-49b7-b28c-8da656f53001"
  contact: "880 806 () [53b8789a-4451-4a1f-84f7-a9c5da7ada1a]"
  Liabilities:CurrentLiabilities:AccountPayable 1100 HKD
  type: "Bill Payment"
  sourceId: "2a653def-0895-49b7-b28c-8da656f53001"
  referenceNo: "437"
  orderId: "e1f9dfff-59d8-4f72-b716-471482c05544"
  Assets:CurrentAssets:Bank:BocCurrentBank -1100 HKD
  type: "Bill Payment"
  sourceId: "2a653def-0895-49b7-b28c-8da656f53001"
  referenceNo: "437"
  orderId: "e1f9dfff-59d8-4f72-b716-471482c05544"
2022-08-11 * "998 12345767 (SkyHigh Holdings Group Ltd) [efdca012-5d6e-4361-8ec7-f5566615d58a]" "Bill Payment for Bill #625 #adc7a852-34e6-43dc-9aa4-38e2fe477887"
  contact: "998 12345767 (SkyHigh Holdings Group Ltd) [efdca012-5d6e-4361-8ec7-f5566615d58a]"
  Liabilities:CurrentLiabilities:AccountPayable 960 HKD
  type: "Bill Payment"
  sourceId: "adc7a852-34e6-43dc-9aa4-38e2fe477887"
  referenceNo: "625"
  orderId: "72c72dd3-0925-41bb-8161-94e5423462f6"
  Assets:CurrentAssets:TradeDeposit:TradeDeposit-SkyhighHoldingsGroupLtd -960 HKD
  type: "Bill Payment"
  sourceId: "adc7a852-34e6-43dc-9aa4-38e2fe477887"
  referenceNo: "625"
  orderId: "72c72dd3-0925-41bb-8161-94e5423462f6"
2022-08-11 * "998 12345767 (SkyHigh Holdings Group Ltd) [efdca012-5d6e-4361-8ec7-f5566615d58a]" "Bill Payment for Bill #625 #7b6737ed-092d-4336-924c-5ed7f095a3c7"
  contact: "998 12345767 (SkyHigh Holdings Group Ltd) [efdca012-5d6e-4361-8ec7-f5566615d58a]"
  Liabilities:CurrentLiabilities:AccountPayable 2051 HKD
  type: "Bill Payment"
  sourceId: "7b6737ed-092d-4336-924c-5ed7f095a3c7"
  referenceNo: "625"
  orderId: "72c72dd3-0925-41bb-8161-94e5423462f6"
  Assets:CurrentAssets:TradeDeposit:TradeDeposit-SkyhighHoldingsGroupLtd -2051 HKD
  type: "Bill Payment"
  sourceId: "7b6737ed-092d-4336-924c-5ed7f095a3c7"
  referenceNo: "625"
  orderId: "72c72dd3-0925-41bb-8161-94e5423462f6"
2022-08-11 * "998 12345767 (SkyHigh Holdings Group Ltd) [efdca012-5d6e-4361-8ec7-f5566615d58a]" "Bill Payment for Bill #625 #e5aec5c5-fa71-44f5-bd19-8ef472e47601"
  contact: "998 12345767 (SkyHigh Holdings Group Ltd) [efdca012-5d6e-4361-8ec7-f5566615d58a]"
  Liabilities:CurrentLiabilities:AccountPayable 2364 HKD
  type: "Bill Payment"
  sourceId: "e5aec5c5-fa71-44f5-bd19-8ef472e47601"
  referenceNo: "625"
  orderId: "72c72dd3-0925-41bb-8161-94e5423462f6"
  Assets:CurrentAssets:TradeDeposit:TradeDeposit-SkyhighHoldingsGroupLtd -2364 HKD
  type: "Bill Payment"
  sourceId: "e5aec5c5-fa71-44f5-bd19-8ef472e47601"
  referenceNo: "625"
  orderId: "72c72dd3-0925-41bb-8161-94e5423462f6"
2022-08-11 * "998 12345767 (SkyHigh Holdings Group Ltd) [efdca012-5d6e-4361-8ec7-f5566615d58a]" "Bill Payment for Bill #625 #9c94b024-9260-4a3a-ae32-c7510ad7e029"
  contact: "998 12345767 (SkyHigh Holdings Group Ltd) [efdca012-5d6e-4361-8ec7-f5566615d58a]"
  Liabilities:CurrentLiabilities:AccountPayable 1943 HKD
  type: "Bill Payment"
  sourceId: "9c94b024-9260-4a3a-ae32-c7510ad7e029"
  referenceNo: "625"
  orderId: "72c72dd3-0925-41bb-8161-94e5423462f6"
  Assets:CurrentAssets:TradeDeposit:TradeDeposit-SkyhighHoldingsGroupLtd -1943 HKD
  type: "Bill Payment"
  sourceId: "9c94b024-9260-4a3a-ae32-c7510ad7e029"
  referenceNo: "625"
  orderId: "72c72dd3-0925-41bb-8161-94e5423462f6"
2022-08-11 * "998 12345767 (SkyHigh Holdings Group Ltd) [efdca012-5d6e-4361-8ec7-f5566615d58a]" "Bill Payment for Bill #653 #f3fc9c92-c1b1-43ec-80ca-f7976291add2"
  contact: "998 12345767 (SkyHigh Holdings Group Ltd) [efdca012-5d6e-4361-8ec7-f5566615d58a]"
  Liabilities:CurrentLiabilities:AccountPayable 500 HKD
  type: "Bill Payment"
  sourceId: "f3fc9c92-c1b1-43ec-80ca-f7976291add2"
  referenceNo: "653"
  orderId: "71cc1329-7d18-4867-bf5b-28a01677c930"
  Assets:CurrentAssets:TradeDeposit:TradeDeposit-SkyhighHoldingsGroupLtd -500 HKD
  type: "Bill Payment"
  sourceId: "f3fc9c92-c1b1-43ec-80ca-f7976291add2"
  referenceNo: "653"
  orderId: "71cc1329-7d18-4867-bf5b-28a01677c930"
2022-08-12 * "Bill #361 kpay022"
  referenceNo: "361"
  orderId: "28ebc152-6a07-47ac-931e-e9e11453d6b9"
  type: "Bill"
  Expenses:GeneralExpense:CardFeeExpense 147.85 HKD
  qty: "1"
  description: "KPAY FEE"
  referenceNo: "361"
  orderId: "28ebc152-6a07-47ac-931e-e9e11453d6b9"
  type: "Bill Item"
  sourceId: "56233c14-6cbc-4203-91f9-1acd7827af9d"
  Liabilities:CurrentLiabilities:AccountPayable
  referenceNo: "361"
  orderId: "28ebc152-6a07-47ac-931e-e9e11453d6b9"
  type: "Bill"
  sourceId: "28ebc152-6a07-47ac-931e-e9e11453d6b9"
  contact: "998 12345821 (KPAY) [5a706f32-7edc-48d8-ae47-62fee1e8bba1]"
2022-08-12 * "Assets:CurrentAssets:Bank:KpayBank" "Invoice Payment for Invoice #79 #d93f6330-3579-4457-a3ae-2b491169f170"
  Assets:CurrentAssets:Bank:KpayBank 9790 HKD
  type: "Invoice Payment"
  sourceId: "d93f6330-3579-4457-a3ae-2b491169f170"
  referenceNo: "79"
  orderId: "43a03b09-a684-4ff2-9b96-b121380bf7fb"
  Assets:CurrentAssets:AccountReceivable -9790 HKD
  type: "Invoice Payment"
  sourceId: "d93f6330-3579-4457-a3ae-2b491169f170"
  referenceNo: "79"
  orderId: "43a03b09-a684-4ff2-9b96-b121380bf7fb"
  contact: "852 63457234 (MR. YIU FUNG) [90b44d9a-3c83-4d84-a449-14699ae0e85e]"
2022-08-12 * "998 12345821 (KPAY) [5a706f32-7edc-48d8-ae47-62fee1e8bba1]" "Bill Payment for Bill #361 #e0ac4cae-ef46-4ca2-a011-d382cc60e4f8"
  contact: "998 12345821 (KPAY) [5a706f32-7edc-48d8-ae47-62fee1e8bba1]"
  Liabilities:CurrentLiabilities:AccountPayable 147.85 HKD
  type: "Bill Payment"
  sourceId: "e0ac4cae-ef46-4ca2-a011-d382cc60e4f8"
  referenceNo: "361"
  orderId: "28ebc152-6a07-47ac-931e-e9e11453d6b9"
  Assets:CurrentAssets:Bank:KpayBank -147.85 HKD
  type: "Bill Payment"
  sourceId: "e0ac4cae-ef46-4ca2-a011-d382cc60e4f8"
  referenceNo: "361"
  orderId: "28ebc152-6a07-47ac-931e-e9e11453d6b9"
2022-08-13 * "Bill #250 kpay023"
  referenceNo: "250"
  orderId: "5eead25b-e0b4-48f9-9d85-2f27572144cb"
  type: "Bill"
  Expenses:GeneralExpense:CardFeeExpense 304 HKD
  qty: "1"
  description: "KPAY FEE 2"
  referenceNo: "250"
  orderId: "5eead25b-e0b4-48f9-9d85-2f27572144cb"
  type: "Bill Item"
  sourceId: "e5fc8819-77dc-4edf-aef8-918fc12837de"
  Liabilities:CurrentLiabilities:AccountPayable
  referenceNo: "250"
  orderId: "5eead25b-e0b4-48f9-9d85-2f27572144cb"
  type: "Bill"
  sourceId: "5eead25b-e0b4-48f9-9d85-2f27572144cb"
  contact: "998 12345821 (KPAY) [5a706f32-7edc-48d8-ae47-62fee1e8bba1]"
2022-08-13 * "Assets:CurrentAssets:Bank:KpayBank" "Invoice Payment for Invoice #20 #b813cf55-36f4-4263-b34e-44d20f058780"
  Assets:CurrentAssets:Bank:KpayBank 2000 HKD
  type: "Invoice Payment"
  sourceId: "b813cf55-36f4-4263-b34e-44d20f058780"
  referenceNo: "20"
  orderId: "3689c44f-5ed7-4f03-9820-bc5b02c5b19d"
  Assets:CurrentAssets:AccountReceivable -2000 HKD
  type: "Invoice Payment"
  sourceId: "b813cf55-36f4-4263-b34e-44d20f058780"
  referenceNo: "20"
  orderId: "3689c44f-5ed7-4f03-9820-bc5b02c5b19d"
  contact: "852 95027815 (852 95027815) [dee27669-f975-426f-b393-4ee08adadcb6]"
2022-08-13 * "Assets:CurrentAssets:Bank:KpayBank" "Invoice Payment for Invoice #20 #a0b05ec8-7fd6-4e6e-9ab0-ca442470620f"
  Assets:CurrentAssets:Bank:KpayBank 18200 HKD
  type: "Invoice Payment"
  sourceId: "a0b05ec8-7fd6-4e6e-9ab0-ca442470620f"
  referenceNo: "20"
  orderId: "3689c44f-5ed7-4f03-9820-bc5b02c5b19d"
  Assets:CurrentAssets:AccountReceivable -18200 HKD
  type: "Invoice Payment"
  sourceId: "a0b05ec8-7fd6-4e6e-9ab0-ca442470620f"
  referenceNo: "20"
  orderId: "3689c44f-5ed7-4f03-9820-bc5b02c5b19d"
  contact: "852 95027815 (852 95027815) [dee27669-f975-426f-b393-4ee08adadcb6]"
2022-08-13 * "998 12345821 (KPAY) [5a706f32-7edc-48d8-ae47-62fee1e8bba1]" "Bill Payment for Bill #250 #6a31393c-cc3c-4d16-8b7d-1916b149d824"
  contact: "998 12345821 (KPAY) [5a706f32-7edc-48d8-ae47-62fee1e8bba1]"
  Liabilities:CurrentLiabilities:AccountPayable 304 HKD
  type: "Bill Payment"
  sourceId: "6a31393c-cc3c-4d16-8b7d-1916b149d824"
  referenceNo: "250"
  orderId: "5eead25b-e0b4-48f9-9d85-2f27572144cb"
  Assets:CurrentAssets:Bank:KpayBank -304 HKD
  type: "Bill Payment"
  sourceId: "6a31393c-cc3c-4d16-8b7d-1916b149d824"
  referenceNo: "250"
  orderId: "5eead25b-e0b4-48f9-9d85-2f27572144cb"
2022-08-13 * "Bill #171 FACEBOOK ADS"
  referenceNo: "171"
  orderId: "fb865b99-b776-41eb-8698-233858ae4c21"
  type: "Bill"
  Expenses:GeneralExpense:AdvertisingAndBranding 243.64 HKD
  category: "CXL - Admin Expense"
  sku: "other - admin (不記倉存)"
  qty: 1
  referenceNo: "171"
  orderId: "fb865b99-b776-41eb-8698-233858ae4c21"
  type: "Bill Item"
  sourceId: "ccc12a46-c2b3-4277-9b9b-362a15fdcc08"
  Liabilities:CurrentLiabilities:AccountPayable
  referenceNo: "171"
  orderId: "fb865b99-b776-41eb-8698-233858ae4c21"
  type: "Bill"
  sourceId: "fb865b99-b776-41eb-8698-233858ae4c21"
  contact: "880 806 () [53b8789a-4451-4a1f-84f7-a9c5da7ada1a]"
2022-08-13 * "880 806 () [53b8789a-4451-4a1f-84f7-a9c5da7ada1a]" "Bill Payment for Bill #171 #10188f88-5f04-42fa-b7e7-9a3a7500be45"
  contact: "880 806 () [53b8789a-4451-4a1f-84f7-a9c5da7ada1a]"
  Liabilities:CurrentLiabilities:AccountPayable 243.64 HKD
  type: "Bill Payment"
  sourceId: "10188f88-5f04-42fa-b7e7-9a3a7500be45"
  referenceNo: "171"
  orderId: "fb865b99-b776-41eb-8698-233858ae4c21"
  Assets:CurrentAssets:Bank:BocVisaCard-DavidBank -243.64 HKD
  type: "Bill Payment"
  sourceId: "10188f88-5f04-42fa-b7e7-9a3a7500be45"
  referenceNo: "171"
  orderId: "fb865b99-b776-41eb-8698-233858ae4c21"
2022-08-14 * "Invoice #96 INV-0107 MR. LAU BEN"
  Income:Sales:SalesItem:Sell18kJewelry -2500 HKD
  category: "Ring Setting"
  sku: "DDFFFFFF0B00000000000135"
  qty: 1
  referenceNo: "96"
  orderId: "45758f39-9175-4b47-9527-985cf5e766af"
  type: "Invoice Item"
  sourceId: "cac4dab5-b053-40ee-8d23-d53dfb9eb276"
  Income:Sales:SalesItem:SellDiamond -21800 HKD
  category: "Natural Diamond"
  sku: "DDFFFFFF0800002426763045"
  qty: 1
  referenceNo: "96"
  orderId: "45758f39-9175-4b47-9527-985cf5e766af"
  type: "Invoice Item"
  sourceId: "31e12143-39f9-4fde-be73-2f2a4431caba"
  Assets:CurrentAssets:AccountReceivable
  referenceNo: "96"
  orderId: "45758f39-9175-4b47-9527-985cf5e766af"
  type: "Invoice"
  sourceId: "45758f39-9175-4b47-9527-985cf5e766af"
  contact: "852 95816929 (MR. LAU BEN) [95169fa3-0afe-4ef7-bff7-c42b34b9abe7]"
2022-08-14 * "Invoice #178 INV-0106 MR. KWOK"
  Income:Sales:SalesItem:SellDiamond -62800 HKD
  category: "Natural Diamond"
  sku: "DDFFFFFF0800002414573524"
  qty: 1
  referenceNo: "178"
  orderId: "1c9574c8-2a37-4afc-9251-9ea37a01e43e"
  type: "Invoice Item"
  sourceId: "143880d2-33e5-4e47-b3ac-cc03b4bac5c9"
  Income:Sales:SalesItem:Sell18kJewelry -2500 HKD
  category: "Ring Setting"
  sku: "DDFFFFFF0B00000000000134"
  qty: 1
  referenceNo: "178"
  orderId: "1c9574c8-2a37-4afc-9251-9ea37a01e43e"
  type: "Invoice Item"
  sourceId: "b02d8343-42d1-4820-a639-265d6f6155b5"
  Assets:CurrentAssets:AccountReceivable
  referenceNo: "178"
  orderId: "1c9574c8-2a37-4afc-9251-9ea37a01e43e"
  type: "Invoice"
  sourceId: "1c9574c8-2a37-4afc-9251-9ea37a01e43e"
  contact: "852 65776164 (MR.KWOK) [922408cd-dda6-40c4-9ba6-f03cfe01834e]"
2022-08-14 * "Bill #317 NO SI, #107"
  referenceNo: "317"
  orderId: "c859872d-4118-401a-82a2-6105e4f400f7"
  type: "Bill"
  Expenses:CostOfSales:Purchase:PurchaseItem:Buy18kJewelry 1489 HKD
  category: "Ring Setting"
  sku: "DDFFFFFF0B00000000000135"
  qty: 1
  referenceNo: "317"
  orderId: "c859872d-4118-401a-82a2-6105e4f400f7"
  type: "Bill Item"
  sourceId: "e758e5e7-16d1-4639-88df-a7abb744d4c4"
  Liabilities:CurrentLiabilities:AccountPayable
  referenceNo: "317"
  orderId: "c859872d-4118-401a-82a2-6105e4f400f7"
  type: "Bill"
  sourceId: "c859872d-4118-401a-82a2-6105e4f400f7"
  contact: "998 12345767 (SkyHigh Holdings Group Ltd) [efdca012-5d6e-4361-8ec7-f5566615d58a]"
2022-08-14 * "Bill #247 #0107 GIA PURCHASE, NO.65901"
  referenceNo: "247"
  orderId: "a7466405-55b4-4c5d-b8ad-573cb007ab61"
  type: "Bill"
  Expenses:CostOfSales:Purchase:PurchaseItem:BuyDiamond 16243.93 HKD
  category: "Natural Diamond"
  sku: "DDFFFFFF0800002426763045"
  qty: 1
  referenceNo: "247"
  orderId: "a7466405-55b4-4c5d-b8ad-573cb007ab61"
  type: "Bill Item"
  sourceId: "54b972ca-188a-4093-8218-0bb2273f4cc0"
  Liabilities:CurrentLiabilities:AccountPayable
  referenceNo: "247"
  orderId: "a7466405-55b4-4c5d-b8ad-573cb007ab61"
  type: "Bill"
  sourceId: "a7466405-55b4-4c5d-b8ad-573cb007ab61"
  contact: "998 12345714 (H&A HK TRADING LIMITED) [cee8ba01-a560-4e9c-87eb-8a642c66248b]"
2022-08-14 * "Bill #639 SI-10272, #106, 108"
  referenceNo: "639"
  orderId: "498286ec-d186-4c37-9475-12ca0f9762fc"
  type: "Bill"
  Expenses:CostOfSales:Purchase:PurchaseItem:Buy18kJewelry 2102 HKD
  category: "Ring Setting"
  sku: "DDFFFFFF0B00000000000136"
  qty: 1
  referenceNo: "639"
  orderId: "498286ec-d186-4c37-9475-12ca0f9762fc"
  type: "Bill Item"
  sourceId: "eab0f779-fadf-470e-998c-c3c7ad9fb854"
  Expenses:CostOfSales:Purchase:PurchaseItem:Buy18kJewelry 2082 HKD
  category: "Ring Setting"
  sku: "DDFFFFFF0B00000000000134"
  qty: 1
  referenceNo: "639"
  orderId: "498286ec-d186-4c37-9475-12ca0f9762fc"
  type: "Bill Item"
  sourceId: "256a3ce3-322f-491d-9ca0-d50a0f9d916f"
  Liabilities:CurrentLiabilities:AccountPayable
  referenceNo: "639"
  orderId: "498286ec-d186-4c37-9475-12ca0f9762fc"
  type: "Bill"
  sourceId: "498286ec-d186-4c37-9475-12ca0f9762fc"
  contact: "998 12345767 (SkyHigh Holdings Group Ltd) [efdca012-5d6e-4361-8ec7-f5566615d58a]"
2022-08-14 * "Assets:CurrentAssets:Bank:BocSavingBank" "Invoice Payment for Invoice #96 #e66452f2-30b1-46e2-8f39-5040e4d388a6"
  Assets:CurrentAssets:Bank:BocSavingBank 12150 HKD
  type: "Invoice Payment"
  sourceId: "e66452f2-30b1-46e2-8f39-5040e4d388a6"
  referenceNo: "96"
  orderId: "45758f39-9175-4b47-9527-985cf5e766af"
  Assets:CurrentAssets:AccountReceivable -12150 HKD
  type: "Invoice Payment"
  sourceId: "e66452f2-30b1-46e2-8f39-5040e4d388a6"
  referenceNo: "96"
  orderId: "45758f39-9175-4b47-9527-985cf5e766af"
  contact: "852 95816929 (MR. LAU BEN) [95169fa3-0afe-4ef7-bff7-c42b34b9abe7]"
2022-08-14 * "Assets:CurrentAssets:Cash:CashInHand" "Invoice Payment for Invoice #178 #a52eba5e-dab0-4eb1-ada0-6f5eafc8be77"
  Assets:CurrentAssets:Cash:CashInHand 32650 HKD
  type: "Invoice Payment"
  sourceId: "a52eba5e-dab0-4eb1-ada0-6f5eafc8be77"
  referenceNo: "178"
  orderId: "1c9574c8-2a37-4afc-9251-9ea37a01e43e"
  Assets:CurrentAssets:AccountReceivable -32650 HKD
  type: "Invoice Payment"
  sourceId: "a52eba5e-dab0-4eb1-ada0-6f5eafc8be77"
  referenceNo: "178"
  orderId: "1c9574c8-2a37-4afc-9251-9ea37a01e43e"
  contact: "852 65776164 (MR.KWOK) [922408cd-dda6-40c4-9ba6-f03cfe01834e]"
2022-08-14 * "998 12345767 (SkyHigh Holdings Group Ltd) [efdca012-5d6e-4361-8ec7-f5566615d58a]" "Bill Payment for Bill #567 #e0acc8ef-aac1-4c52-b455-757a36a9e851"
  contact: "998 12345767 (SkyHigh Holdings Group Ltd) [efdca012-5d6e-4361-8ec7-f5566615d58a]"
  Liabilities:CurrentLiabilities:AccountPayable 250 HKD
  type: "Bill Payment"
  sourceId: "e0acc8ef-aac1-4c52-b455-757a36a9e851"
  referenceNo: "567"
  orderId: "9f429240-cdc6-42c3-af66-d86f1ca89768"
  Assets:CurrentAssets:TradeDeposit:TradeDeposit-SkyhighHoldingsGroupLtd -250 HKD
  type: "Bill Payment"
  sourceId: "e0acc8ef-aac1-4c52-b455-757a36a9e851"
  referenceNo: "567"
  orderId: "9f429240-cdc6-42c3-af66-d86f1ca89768"
2022-08-14 * "998 12345767 (SkyHigh Holdings Group Ltd) [efdca012-5d6e-4361-8ec7-f5566615d58a]" "Bill Payment for Bill #567 #0804ef19-05eb-4290-86fe-5eec10293dc0"
  contact: "998 12345767 (SkyHigh Holdings Group Ltd) [efdca012-5d6e-4361-8ec7-f5566615d58a]"
  Liabilities:CurrentLiabilities:AccountPayable 2312 HKD
  type: "Bill Payment"
  sourceId: "0804ef19-05eb-4290-86fe-5eec10293dc0"
  referenceNo: "567"
  orderId: "9f429240-cdc6-42c3-af66-d86f1ca89768"
  Assets:CurrentAssets:TradeDeposit:TradeDeposit-SkyhighHoldingsGroupLtd -2312 HKD
  type: "Bill Payment"
  sourceId: "0804ef19-05eb-4290-86fe-5eec10293dc0"
  referenceNo: "567"
  orderId: "9f429240-cdc6-42c3-af66-d86f1ca89768"
2022-08-14 * "998 12345767 (SkyHigh Holdings Group Ltd) [efdca012-5d6e-4361-8ec7-f5566615d58a]" "Bill Payment for Bill #653 #6fe2a118-0b65-4f75-9319-9091041199dc"
  contact: "998 12345767 (SkyHigh Holdings Group Ltd) [efdca012-5d6e-4361-8ec7-f5566615d58a]"
  Liabilities:CurrentLiabilities:AccountPayable 350 HKD
  type: "Bill Payment"
  sourceId: "6fe2a118-0b65-4f75-9319-9091041199dc"
  referenceNo: "653"
  orderId: "71cc1329-7d18-4867-bf5b-28a01677c930"
  Assets:CurrentAssets:TradeDeposit:TradeDeposit-SkyhighHoldingsGroupLtd -350 HKD
  type: "Bill Payment"
  sourceId: "6fe2a118-0b65-4f75-9319-9091041199dc"
  referenceNo: "653"
  orderId: "71cc1329-7d18-4867-bf5b-28a01677c930"
2022-08-15 * "Bill #248 BANK FEE"
  referenceNo: "248"
  orderId: "3281cc72-84f5-479b-b077-f70feb3bdbc0"
  type: "Bill"
  Expenses:GeneralExpense:BankFeesExpense 55 HKD
  qty: "1"
  description: "BANK FEE"
  referenceNo: "248"
  orderId: "3281cc72-84f5-479b-b077-f70feb3bdbc0"
  type: "Bill Item"
  sourceId: "a33c1843-33d9-434a-a123-072727eaa92c"
  Liabilities:CurrentLiabilities:AccountPayable
  referenceNo: "248"
  orderId: "3281cc72-84f5-479b-b077-f70feb3bdbc0"
  type: "Bill"
  sourceId: "3281cc72-84f5-479b-b077-f70feb3bdbc0"
  contact: "880 806 () [53b8789a-4451-4a1f-84f7-a9c5da7ada1a]"
2022-08-15 * "Bill #227 EX00075 INSURANCE"
  referenceNo: "227"
  orderId: "4ce8e9cf-0b36-4c8e-ac08-fbf712ec6b4a"
  type: "Bill"
  Expenses:GeneralExpense:Insurance 30044.61 HKD
  qty: "1"
  description: "NWH-DN221259 08/08/2022-07/08/2023 USD 3825 Nov iNSURANCE"
  referenceNo: "227"
  orderId: "4ce8e9cf-0b36-4c8e-ac08-fbf712ec6b4a"
  type: "Bill Item"
  sourceId: "c6c0dac4-20ab-4f3e-af7e-c4370263b9e4"
  Liabilities:CurrentLiabilities:AccountPayable
  referenceNo: "227"
  orderId: "4ce8e9cf-0b36-4c8e-ac08-fbf712ec6b4a"
  type: "Bill"
  sourceId: "4ce8e9cf-0b36-4c8e-ac08-fbf712ec6b4a"
  contact: "880 806 () [53b8789a-4451-4a1f-84f7-a9c5da7ada1a]"
2022-08-15 * "880 806 () [53b8789a-4451-4a1f-84f7-a9c5da7ada1a]" "Bill Payment for Bill #248 #48e18c6a-5200-4293-9909-03b2480ad291"
  contact: "880 806 () [53b8789a-4451-4a1f-84f7-a9c5da7ada1a]"
  Liabilities:CurrentLiabilities:AccountPayable 55 HKD
  type: "Bill Payment"
  sourceId: "48e18c6a-5200-4293-9909-03b2480ad291"
  referenceNo: "248"
  orderId: "3281cc72-84f5-479b-b077-f70feb3bdbc0"
  Assets:CurrentAssets:Bank:BocSavingBank -55 HKD
  type: "Bill Payment"
  sourceId: "48e18c6a-5200-4293-9909-03b2480ad291"
  referenceNo: "248"
  orderId: "3281cc72-84f5-479b-b077-f70feb3bdbc0"
2022-08-15 * "880 806 () [53b8789a-4451-4a1f-84f7-a9c5da7ada1a]" "Bill Payment for Bill #227 #a842e337-6b6b-4193-b61c-f8dadbd30578"
  contact: "880 806 () [53b8789a-4451-4a1f-84f7-a9c5da7ada1a]"
  Liabilities:CurrentLiabilities:AccountPayable 30044.61 HKD
  type: "Bill Payment"
  sourceId: "a842e337-6b6b-4193-b61c-f8dadbd30578"
  referenceNo: "227"
  orderId: "4ce8e9cf-0b36-4c8e-ac08-fbf712ec6b4a"
  Assets:CurrentAssets:Bank:BocSavingBank -30044.61 HKD
  type: "Bill Payment"
  sourceId: "a842e337-6b6b-4193-b61c-f8dadbd30578"
  referenceNo: "227"
  orderId: "4ce8e9cf-0b36-4c8e-ac08-fbf712ec6b4a"
2022-08-15 * "Bill #211 OVERSEA TRANSACTION FEE"
  referenceNo: "211"
  orderId: "c4440a16-a527-42c5-b97f-2a3476db7aac"
  type: "Bill"
  Expenses:GeneralExpense:BankFeesExpense 1.94 HKD
  qty: "1"
  description: "OVERSEA TRANSACTION FEE"
  referenceNo: "211"
  orderId: "c4440a16-a527-42c5-b97f-2a3476db7aac"
  type: "Bill Item"
  sourceId: "a516a2f5-b0af-4210-9788-e672fefddb8f"
  Liabilities:CurrentLiabilities:AccountPayable
  referenceNo: "211"
  orderId: "c4440a16-a527-42c5-b97f-2a3476db7aac"
  type: "Bill"
  sourceId: "c4440a16-a527-42c5-b97f-2a3476db7aac"
  contact: "998 12345835 (boc(bank of china)) [82f385a7-d238-4826-9a12-e06648f93cdb]"
2022-08-15 * "998 12345835 (boc(bank of china)) [82f385a7-d238-4826-9a12-e06648f93cdb]" "Bill Payment for Bill #211 #88ca101d-61ca-4d56-be28-821107fa7331"
  contact: "998 12345835 (boc(bank of china)) [82f385a7-d238-4826-9a12-e06648f93cdb]"
  Liabilities:CurrentLiabilities:AccountPayable 1.94 HKD
  type: "Bill Payment"
  sourceId: "88ca101d-61ca-4d56-be28-821107fa7331"
  referenceNo: "211"
  orderId: "c4440a16-a527-42c5-b97f-2a3476db7aac"
  Assets:CurrentAssets:Bank:BocVisaCard-DavidBank -1.94 HKD
  type: "Bill Payment"
  sourceId: "88ca101d-61ca-4d56-be28-821107fa7331"
  referenceNo: "211"
  orderId: "c4440a16-a527-42c5-b97f-2a3476db7aac"
2022-08-16 * "Bill #228 BANK FEE"
  referenceNo: "228"
  orderId: "3e98a3bc-bc9d-42de-a2a5-bcc89bb2aba2"
  type: "Bill"
  Expenses:GeneralExpense:BankFeesExpense 55 HKD
  qty: "1"
  description: "BANK FEE"
  referenceNo: "228"
  orderId: "3e98a3bc-bc9d-42de-a2a5-bcc89bb2aba2"
  type: "Bill Item"
  sourceId: "b403dcf4-5f84-410d-9c21-9a9e7085aa61"
  Liabilities:CurrentLiabilities:AccountPayable
  referenceNo: "228"
  orderId: "3e98a3bc-bc9d-42de-a2a5-bcc89bb2aba2"
  type: "Bill"
  sourceId: "3e98a3bc-bc9d-42de-a2a5-bcc89bb2aba2"
  contact: "880 806 () [53b8789a-4451-4a1f-84f7-a9c5da7ada1a]"
2022-08-16 * "Bill #232 kpay024"
  referenceNo: "232"
  orderId: "f99faffa-837a-4119-8f30-4c5dad06271c"
  type: "Bill"
  Expenses:GeneralExpense:CardFeeExpense 1100.5 HKD
  qty: "1"
  description: "KPAY FEE"
  referenceNo: "232"
  orderId: "f99faffa-837a-4119-8f30-4c5dad06271c"
  type: "Bill Item"
  sourceId: "70942011-2991-42b6-bbc8-ca3021a11f32"
  Liabilities:CurrentLiabilities:AccountPayable
  referenceNo: "232"
  orderId: "f99faffa-837a-4119-8f30-4c5dad06271c"
  type: "Bill"
  sourceId: "f99faffa-837a-4119-8f30-4c5dad06271c"
  contact: "998 12345821 (KPAY) [5a706f32-7edc-48d8-ae47-62fee1e8bba1]"
2022-08-16 * "Assets:CurrentAssets:Bank:KpayBank" "Invoice Payment for Invoice #173 #4072f7f8-9c6e-4e09-b29c-d325e066572a"
  Assets:CurrentAssets:Bank:KpayBank 73300 HKD
  type: "Invoice Payment"
  sourceId: "4072f7f8-9c6e-4e09-b29c-d325e066572a"
  referenceNo: "173"
  orderId: "c2fdba38-1d41-4815-b9c3-f13cb3775856"
  Assets:CurrentAssets:AccountReceivable -73300 HKD
  type: "Invoice Payment"
  sourceId: "4072f7f8-9c6e-4e09-b29c-d325e066572a"
  referenceNo: "173"
  orderId: "c2fdba38-1d41-4815-b9c3-f13cb3775856"
  contact: "852 62558686 (MR. SZE DELONG) [9686f875-e868-4780-8cb6-50aa1f9ec10c]"
2022-08-16 * "998 12345714 (H&A HK TRADING LIMITED) [cee8ba01-a560-4e9c-87eb-8a642c66248b]" "Bill Payment for Bill #247 #befda195-d179-431a-9350-2a572c326b20"
  contact: "998 12345714 (H&A HK TRADING LIMITED) [cee8ba01-a560-4e9c-87eb-8a642c66248b]"
  Liabilities:CurrentLiabilities:AccountPayable 16243.93 HKD
  type: "Bill Payment"
  sourceId: "befda195-d179-431a-9350-2a572c326b20"
  referenceNo: "247"
  orderId: "a7466405-55b4-4c5d-b8ad-573cb007ab61"
  Assets:CurrentAssets:Bank:BocSavingBank -16243.93 HKD
  type: "Bill Payment"
  sourceId: "befda195-d179-431a-9350-2a572c326b20"
  referenceNo: "247"
  orderId: "a7466405-55b4-4c5d-b8ad-573cb007ab61"
2022-08-16 * "880 806 () [53b8789a-4451-4a1f-84f7-a9c5da7ada1a]" "Bill Payment for Bill #228 #9c20470d-04e4-454b-b216-453b30bc7c52"
  contact: "880 806 () [53b8789a-4451-4a1f-84f7-a9c5da7ada1a]"
  Liabilities:CurrentLiabilities:AccountPayable 55 HKD
  type: "Bill Payment"
  sourceId: "9c20470d-04e4-454b-b216-453b30bc7c52"
  referenceNo: "228"
  orderId: "3e98a3bc-bc9d-42de-a2a5-bcc89bb2aba2"
  Assets:CurrentAssets:Bank:BocSavingBank -55 HKD
  type: "Bill Payment"
  sourceId: "9c20470d-04e4-454b-b216-453b30bc7c52"
  referenceNo: "228"
  orderId: "3e98a3bc-bc9d-42de-a2a5-bcc89bb2aba2"
2022-08-16 * "998 12345821 (KPAY) [5a706f32-7edc-48d8-ae47-62fee1e8bba1]" "Bill Payment for Bill #232 #74c2c6b2-8b4d-4fe8-a824-81b2d2780d94"
  contact: "998 12345821 (KPAY) [5a706f32-7edc-48d8-ae47-62fee1e8bba1]"
  Liabilities:CurrentLiabilities:AccountPayable 1100.5 HKD
  type: "Bill Payment"
  sourceId: "74c2c6b2-8b4d-4fe8-a824-81b2d2780d94"
  referenceNo: "232"
  orderId: "f99faffa-837a-4119-8f30-4c5dad06271c"
  Assets:CurrentAssets:Bank:KpayBank -1100.5 HKD
  type: "Bill Payment"
  sourceId: "74c2c6b2-8b4d-4fe8-a824-81b2d2780d94"
  referenceNo: "232"
  orderId: "f99faffa-837a-4119-8f30-4c5dad06271c"
2022-08-18 * "Invoice #194 INV-0108 MR.TUNG MAXI"
  Income:Sales:SalesItem:Sell18kJewelry -2500 HKD
  category: "Ring Setting"
  sku: "DDFFFFFF0B00000000000136"
  qty: 1
  referenceNo: "194"
  orderId: "a08c267c-6d1f-4e47-87d2-6f7b01e588ff"
  type: "Invoice Item"
  sourceId: "9e25974c-4edf-464e-ba87-e5bc3e7339e1"
  Income:Sales:SalesItem:SellDiamond -56800 HKD
  category: "Natural Diamond"
  sku: "DDFFFFFF0800007438799530"
  qty: 1
  referenceNo: "194"
  orderId: "a08c267c-6d1f-4e47-87d2-6f7b01e588ff"
  type: "Invoice Item"
  sourceId: "077b615d-0766-4689-96e7-3b825319083d"
  Income:Sales:Discount --300 HKD
  description: "CASH DISCOUNT%"
  qty: 1
  referenceNo: "194"
  orderId: "a08c267c-6d1f-4e47-87d2-6f7b01e588ff"
  type: "Invoice Item"
  sourceId: "95018e75-4a0c-4ad0-a9a9-3d18c6611f28"
  Assets:CurrentAssets:AccountReceivable
  referenceNo: "194"
  orderId: "a08c267c-6d1f-4e47-87d2-6f7b01e588ff"
  type: "Invoice"
  sourceId: "a08c267c-6d1f-4e47-87d2-6f7b01e588ff"
  contact: "852 92355681 (MR.TUNG MAXI) [32ca69e7-6a6c-410e-b075-14bd8b770f74]"
2022-08-18 * "Assets:CurrentAssets:Cash:CashInHand" "Invoice Payment for Invoice #194 #43c3faee-74bf-49b9-ad32-937a4cd1dfdf"
  Assets:CurrentAssets:Cash:CashInHand 29000 HKD
  type: "Invoice Payment"
  sourceId: "43c3faee-74bf-49b9-ad32-937a4cd1dfdf"
  referenceNo: "194"
  orderId: "a08c267c-6d1f-4e47-87d2-6f7b01e588ff"
  Assets:CurrentAssets:AccountReceivable -29000 HKD
  type: "Invoice Payment"
  sourceId: "43c3faee-74bf-49b9-ad32-937a4cd1dfdf"
  referenceNo: "194"
  orderId: "a08c267c-6d1f-4e47-87d2-6f7b01e588ff"
  contact: "852 92355681 (MR.TUNG MAXI) [32ca69e7-6a6c-410e-b075-14bd8b770f74]"
2022-08-19 * "Bill #235 kpay025"
  referenceNo: "235"
  orderId: "20fe3c9c-1f04-4acb-895e-e259f490df1b"
  type: "Bill"
  Expenses:GeneralExpense:CardFeeExpense 25 HKD
  qty: "1"
  description: "KPAY FEE"
  referenceNo: "235"
  orderId: "20fe3c9c-1f04-4acb-895e-e259f490df1b"
  type: "Bill Item"
  sourceId: "843b85db-13f0-4c89-bcf6-b1215779fe76"
  Liabilities:CurrentLiabilities:AccountPayable
  referenceNo: "235"
  orderId: "20fe3c9c-1f04-4acb-895e-e259f490df1b"
  type: "Bill"
  sourceId: "20fe3c9c-1f04-4acb-895e-e259f490df1b"
  contact: "998 12345821 (KPAY) [5a706f32-7edc-48d8-ae47-62fee1e8bba1]"
2022-08-19 * "Assets:CurrentAssets:Cash:CashInHand" "Invoice Payment for Invoice #96 #85642dfe-b440-460e-a1e2-9689e86d9677"
  Assets:CurrentAssets:Cash:CashInHand 150 HKD
  type: "Invoice Payment"
  sourceId: "85642dfe-b440-460e-a1e2-9689e86d9677"
  referenceNo: "96"
  orderId: "45758f39-9175-4b47-9527-985cf5e766af"
  Assets:CurrentAssets:AccountReceivable -150 HKD
  type: "Invoice Payment"
  sourceId: "85642dfe-b440-460e-a1e2-9689e86d9677"
  referenceNo: "96"
  orderId: "45758f39-9175-4b47-9527-985cf5e766af"
  contact: "852 95816929 (MR. LAU BEN) [95169fa3-0afe-4ef7-bff7-c42b34b9abe7]"
2022-08-19 * "Assets:CurrentAssets:Bank:KpayBank" "Invoice Payment for Invoice #96 #ae2db477-f32c-49ec-b084-be7659153818"
  Assets:CurrentAssets:Bank:KpayBank 2000 HKD
  type: "Invoice Payment"
  sourceId: "ae2db477-f32c-49ec-b084-be7659153818"
  referenceNo: "96"
  orderId: "45758f39-9175-4b47-9527-985cf5e766af"
  Assets:CurrentAssets:AccountReceivable -2000 HKD
  type: "Invoice Payment"
  sourceId: "ae2db477-f32c-49ec-b084-be7659153818"
  referenceNo: "96"
  orderId: "45758f39-9175-4b47-9527-985cf5e766af"
  contact: "852 95816929 (MR. LAU BEN) [95169fa3-0afe-4ef7-bff7-c42b34b9abe7]"
2022-08-19 * "Assets:CurrentAssets:Bank:BocSavingBank" "Invoice Payment for Invoice #96 #a295e22b-59fe-4939-9f22-0a0299aa0d00"
  Assets:CurrentAssets:Bank:BocSavingBank 10000 HKD
  type: "Invoice Payment"
  sourceId: "a295e22b-59fe-4939-9f22-0a0299aa0d00"
  referenceNo: "96"
  orderId: "45758f39-9175-4b47-9527-985cf5e766af"
  Assets:CurrentAssets:AccountReceivable -10000 HKD
  type: "Invoice Payment"
  sourceId: "a295e22b-59fe-4939-9f22-0a0299aa0d00"
  referenceNo: "96"
  orderId: "45758f39-9175-4b47-9527-985cf5e766af"
  contact: "852 95816929 (MR. LAU BEN) [95169fa3-0afe-4ef7-bff7-c42b34b9abe7]"
2022-08-19 * "998 12345821 (KPAY) [5a706f32-7edc-48d8-ae47-62fee1e8bba1]" "Bill Payment for Bill #235 #4cf3849f-24b8-4adc-8eb1-2c26cef2a43a"
  contact: "998 12345821 (KPAY) [5a706f32-7edc-48d8-ae47-62fee1e8bba1]"
  Liabilities:CurrentLiabilities:AccountPayable 25 HKD
  type: "Bill Payment"
  sourceId: "4cf3849f-24b8-4adc-8eb1-2c26cef2a43a"
  referenceNo: "235"
  orderId: "20fe3c9c-1f04-4acb-895e-e259f490df1b"
  Assets:CurrentAssets:Bank:KpayBank -25 HKD
  type: "Bill Payment"
  sourceId: "4cf3849f-24b8-4adc-8eb1-2c26cef2a43a"
  referenceNo: "235"
  orderId: "20fe3c9c-1f04-4acb-895e-e259f490df1b"
2022-08-19 * "Bill #216 OVERSEA TRANSACTION FEE"
  referenceNo: "216"
  orderId: "b3d5109a-3070-41af-8480-44537456c6cc"
  type: "Bill"
  Expenses:GeneralExpense:BankFeesExpense 60 HKD
  qty: "1"
  description: "OVERSEA TRANSACTION FEE"
  referenceNo: "216"
  orderId: "b3d5109a-3070-41af-8480-44537456c6cc"
  type: "Bill Item"
  sourceId: "a4f8a19c-d9bb-46ce-9cca-a4b85d37d80b"
  Liabilities:CurrentLiabilities:AccountPayable
  referenceNo: "216"
  orderId: "b3d5109a-3070-41af-8480-44537456c6cc"
  type: "Bill"
  sourceId: "b3d5109a-3070-41af-8480-44537456c6cc"
  contact: "998 12345835 (boc(bank of china)) [82f385a7-d238-4826-9a12-e06648f93cdb]"
2022-08-19 * "Bill #212 FACEBK *9S4Y7JXZM2"
  referenceNo: "212"
  orderId: "27701796-d358-4cb1-8fa3-9c650c583d7c"
  type: "Bill"
  Expenses:GeneralExpense:AdvertisingAndBranding 7500 HKD
  category: "CXL - Admin Expense"
  sku: "other - admin (不記倉存)"
  qty: 1
  referenceNo: "212"
  orderId: "27701796-d358-4cb1-8fa3-9c650c583d7c"
  type: "Bill Item"
  sourceId: "d05a5943-b83a-4427-bbad-d567e6f9021b"
  Liabilities:CurrentLiabilities:AccountPayable
  referenceNo: "212"
  orderId: "27701796-d358-4cb1-8fa3-9c650c583d7c"
  type: "Bill"
  sourceId: "27701796-d358-4cb1-8fa3-9c650c583d7c"
  contact: "880 806 () [53b8789a-4451-4a1f-84f7-a9c5da7ada1a]"
2022-08-19 * "880 806 () [53b8789a-4451-4a1f-84f7-a9c5da7ada1a]" "Bill Payment for Bill #212 #048c1367-19b2-4bc0-a84a-7b69f9a060f2"
  contact: "880 806 () [53b8789a-4451-4a1f-84f7-a9c5da7ada1a]"
  Liabilities:CurrentLiabilities:AccountPayable 7500 HKD
  type: "Bill Payment"
  sourceId: "048c1367-19b2-4bc0-a84a-7b69f9a060f2"
  referenceNo: "212"
  orderId: "27701796-d358-4cb1-8fa3-9c650c583d7c"
  Assets:CurrentAssets:Bank:BocVisaCard-DavidBank -7500 HKD
  type: "Bill Payment"
  sourceId: "048c1367-19b2-4bc0-a84a-7b69f9a060f2"
  referenceNo: "212"
  orderId: "27701796-d358-4cb1-8fa3-9c650c583d7c"
2022-08-19 * "998 12345835 (boc(bank of china)) [82f385a7-d238-4826-9a12-e06648f93cdb]" "Bill Payment for Bill #216 #4ee8fc69-cb2a-4325-badf-e21ef89c30bc"
  contact: "998 12345835 (boc(bank of china)) [82f385a7-d238-4826-9a12-e06648f93cdb]"
  Liabilities:CurrentLiabilities:AccountPayable 60 HKD
  type: "Bill Payment"
  sourceId: "4ee8fc69-cb2a-4325-badf-e21ef89c30bc"
  referenceNo: "216"
  orderId: "b3d5109a-3070-41af-8480-44537456c6cc"
  Assets:CurrentAssets:Bank:BocVisaCard-DavidBank -60 HKD
  type: "Bill Payment"
  sourceId: "4ee8fc69-cb2a-4325-badf-e21ef89c30bc"
  referenceNo: "216"
  orderId: "b3d5109a-3070-41af-8480-44537456c6cc"
2022-08-22 * "Bill #366 kpay026"
  referenceNo: "366"
  orderId: "7ee71a5a-18e6-4570-98c9-aaca73f379e9"
  type: "Bill"
  Expenses:GeneralExpense:CardFeeExpense 433 HKD
  qty: "1"
  description: "KPAY FEE"
  referenceNo: "366"
  orderId: "7ee71a5a-18e6-4570-98c9-aaca73f379e9"
  type: "Bill Item"
  sourceId: "750bc894-8020-4fd2-9345-917b677f6e0a"
  Liabilities:CurrentLiabilities:AccountPayable
  referenceNo: "366"
  orderId: "7ee71a5a-18e6-4570-98c9-aaca73f379e9"
  type: "Bill"
  sourceId: "7ee71a5a-18e6-4570-98c9-aaca73f379e9"
  contact: "998 12345821 (KPAY) [5a706f32-7edc-48d8-ae47-62fee1e8bba1]"
2022-08-22 * "Assets:CurrentAssets:Bank:KpayBank" "Invoice Payment for Invoice #60 #a45dd85d-0948-4495-aeca-12b164c62023"
  Assets:CurrentAssets:Bank:KpayBank 28800 HKD
  type: "Invoice Payment"
  sourceId: "a45dd85d-0948-4495-aeca-12b164c62023"
  referenceNo: "60"
  orderId: "ab1d9222-4f94-4e6a-91fe-56b4e2d674f4"
  Assets:CurrentAssets:AccountReceivable -28800 HKD
  type: "Invoice Payment"
  sourceId: "a45dd85d-0948-4495-aeca-12b164c62023"
  referenceNo: "60"
  orderId: "ab1d9222-4f94-4e6a-91fe-56b4e2d674f4"
  contact: "852 95847684 (MR. LAU MYRON) [e7b5d123-b6eb-4c44-9ade-6eb5eaf94e87]"
2022-08-22 * "998 12345821 (KPAY) [5a706f32-7edc-48d8-ae47-62fee1e8bba1]" "Bill Payment for Bill #366 #d34abf42-841d-4994-b74a-9801baadc89d"
  contact: "998 12345821 (KPAY) [5a706f32-7edc-48d8-ae47-62fee1e8bba1]"
  Liabilities:CurrentLiabilities:AccountPayable 433 HKD
  type: "Bill Payment"
  sourceId: "d34abf42-841d-4994-b74a-9801baadc89d"
  referenceNo: "366"
  orderId: "7ee71a5a-18e6-4570-98c9-aaca73f379e9"
  Assets:CurrentAssets:Bank:KpayBank -433 HKD
  type: "Bill Payment"
  sourceId: "d34abf42-841d-4994-b74a-9801baadc89d"
  referenceNo: "366"
  orderId: "7ee71a5a-18e6-4570-98c9-aaca73f379e9"
2022-08-23 * "Invoice #159 INV-0109"
  Income:Sales:SalesItem:SellDiamond -61500 HKD
  category: "Natural Diamond"
  sku: "DDFFFFFF0800002437404380"
  qty: 1
  referenceNo: "159"
  orderId: "46c913e6-b456-49d3-b8a7-df8ece7c8db2"
  type: "Invoice Item"
  sourceId: "d98ae16a-2fee-4f74-9557-f9da134a8028"
  Income:Sales:Discount --800 HKD
  description: "CASH DISCOUNT"
  qty: 1
  referenceNo: "159"
  orderId: "46c913e6-b456-49d3-b8a7-df8ece7c8db2"
  type: "Invoice Item"
  sourceId: "2cd65dc8-9433-49bc-a5b3-266c572bbfbb"
  Income:Sales:SalesItem:Sell18kJewelry -3000 HKD
  category: "Ring Setting"
  sku: "DDFFFFFF0B00000000000137"
  qty: 1
  referenceNo: "159"
  orderId: "46c913e6-b456-49d3-b8a7-df8ece7c8db2"
  type: "Invoice Item"
  sourceId: "445b5e06-c1a3-4fb0-8a4f-9ccd5843c77d"
  Assets:CurrentAssets:AccountReceivable
  referenceNo: "159"
  orderId: "46c913e6-b456-49d3-b8a7-df8ece7c8db2"
  type: "Invoice"
  sourceId: "46c913e6-b456-49d3-b8a7-df8ece7c8db2"
  contact: "852 68552206 (MR. NG TAK WAH) [c3e87b82-8a58-4592-ab56-289fd5a2bcb3]"
2022-08-23 * "Bill #325 SI-10276, #109"
  referenceNo: "325"
  orderId: "bfe50b71-4ca9-4e8e-8d0f-c0786c3a2112"
  type: "Bill"
  Expenses:CostOfSales:Purchase:PurchaseItem:Buy18kJewelry 1982 HKD
  category: "Ring Setting"
  sku: "DDFFFFFF0B00000000000137"
  qty: 1
  referenceNo: "325"
  orderId: "bfe50b71-4ca9-4e8e-8d0f-c0786c3a2112"
  type: "Bill Item"
  sourceId: "bb80d0cb-d933-4646-9d31-f4814f59e119"
  Liabilities:CurrentLiabilities:AccountPayable
  referenceNo: "325"
  orderId: "bfe50b71-4ca9-4e8e-8d0f-c0786c3a2112"
  type: "Bill"
  sourceId: "bfe50b71-4ca9-4e8e-8d0f-c0786c3a2112"
  contact: "998 12345767 (SkyHigh Holdings Group Ltd) [efdca012-5d6e-4361-8ec7-f5566615d58a]"
2022-08-23 * "Assets:CurrentAssets:Bank:BocSavingBank" "Invoice Payment for Invoice #194 #8f74ef26-9395-42a5-a206-f050322572c6"
  Assets:CurrentAssets:Bank:BocSavingBank 30000 HKD
  type: "Invoice Payment"
  sourceId: "8f74ef26-9395-42a5-a206-f050322572c6"
  referenceNo: "194"
  orderId: "a08c267c-6d1f-4e47-87d2-6f7b01e588ff"
  Assets:CurrentAssets:AccountReceivable -30000 HKD
  type: "Invoice Payment"
  sourceId: "8f74ef26-9395-42a5-a206-f050322572c6"
  referenceNo: "194"
  orderId: "a08c267c-6d1f-4e47-87d2-6f7b01e588ff"
  contact: "852 92355681 (MR.TUNG MAXI) [32ca69e7-6a6c-410e-b075-14bd8b770f74]"
2022-08-23 * "Assets:CurrentAssets:Bank:BocSavingBank" "Invoice Payment for Invoice #159 #2430648c-85b2-44b5-9568-bf673f40b81b"
  Assets:CurrentAssets:Bank:BocSavingBank 31850 HKD
  type: "Invoice Payment"
  sourceId: "2430648c-85b2-44b5-9568-bf673f40b81b"
  referenceNo: "159"
  orderId: "46c913e6-b456-49d3-b8a7-df8ece7c8db2"
  Assets:CurrentAssets:AccountReceivable -31850 HKD
  type: "Invoice Payment"
  sourceId: "2430648c-85b2-44b5-9568-bf673f40b81b"
  referenceNo: "159"
  orderId: "46c913e6-b456-49d3-b8a7-df8ece7c8db2"
  contact: "852 68552206 (MR. NG TAK WAH) [c3e87b82-8a58-4592-ab56-289fd5a2bcb3]"
2022-08-23 * "Bill #264 OVERSEA TRANSACTION FEE"
  referenceNo: "264"
  orderId: "3f75f5d3-06ef-4cab-bb15-74b830a494dd"
  type: "Bill"
  Expenses:GeneralExpense:BankFeesExpense 60 HKD
  qty: "1"
  description: "OVERSEA TRANSACTION FEE"
  referenceNo: "264"
  orderId: "3f75f5d3-06ef-4cab-bb15-74b830a494dd"
  type: "Bill Item"
  sourceId: "0b45ac1b-586d-4554-88ed-acbb66c0663f"
  Liabilities:CurrentLiabilities:AccountPayable
  referenceNo: "264"
  orderId: "3f75f5d3-06ef-4cab-bb15-74b830a494dd"
  type: "Bill"
  sourceId: "3f75f5d3-06ef-4cab-bb15-74b830a494dd"
  contact: "998 12345835 (boc(bank of china)) [82f385a7-d238-4826-9a12-e06648f93cdb]"
2022-08-23 * "Bill #218 FACEBK *6U5BDG7ZM2"
  referenceNo: "218"
  orderId: "9c520003-20f0-45a4-b7c0-b22bb10a187e"
  type: "Bill"
  Expenses:GeneralExpense:AdvertisingAndBranding 7500 HKD
  category: "CXL - Admin Expense"
  sku: "other - admin (不記倉存)"
  qty: 1
  referenceNo: "218"
  orderId: "9c520003-20f0-45a4-b7c0-b22bb10a187e"
  type: "Bill Item"
  sourceId: "e17b16cf-9aaf-4815-88f2-bbeb23c2852e"
  Liabilities:CurrentLiabilities:AccountPayable
  referenceNo: "218"
  orderId: "9c520003-20f0-45a4-b7c0-b22bb10a187e"
  type: "Bill"
  sourceId: "9c520003-20f0-45a4-b7c0-b22bb10a187e"
  contact: "880 806 () [53b8789a-4451-4a1f-84f7-a9c5da7ada1a]"
2022-08-23 * "880 806 () [53b8789a-4451-4a1f-84f7-a9c5da7ada1a]" "Bill Payment for Bill #218 #f62ec6ff-4b45-40b8-8df1-8a61c73a3019"
  contact: "880 806 () [53b8789a-4451-4a1f-84f7-a9c5da7ada1a]"
  Liabilities:CurrentLiabilities:AccountPayable 7500 HKD
  type: "Bill Payment"
  sourceId: "f62ec6ff-4b45-40b8-8df1-8a61c73a3019"
  referenceNo: "218"
  orderId: "9c520003-20f0-45a4-b7c0-b22bb10a187e"
  Assets:CurrentAssets:Bank:BocVisaCard-DavidBank -7500 HKD
  type: "Bill Payment"
  sourceId: "f62ec6ff-4b45-40b8-8df1-8a61c73a3019"
  referenceNo: "218"
  orderId: "9c520003-20f0-45a4-b7c0-b22bb10a187e"
2022-08-23 * "998 12345835 (boc(bank of china)) [82f385a7-d238-4826-9a12-e06648f93cdb]" "Bill Payment for Bill #264 #42ac6f3d-843f-4aed-9110-0620db01d741"
  contact: "998 12345835 (boc(bank of china)) [82f385a7-d238-4826-9a12-e06648f93cdb]"
  Liabilities:CurrentLiabilities:AccountPayable 60 HKD
  type: "Bill Payment"
  sourceId: "42ac6f3d-843f-4aed-9110-0620db01d741"
  referenceNo: "264"
  orderId: "3f75f5d3-06ef-4cab-bb15-74b830a494dd"
  Assets:CurrentAssets:Bank:BocVisaCard-DavidBank -60 HKD
  type: "Bill Payment"
  sourceId: "42ac6f3d-843f-4aed-9110-0620db01d741"
  referenceNo: "264"
  orderId: "3f75f5d3-06ef-4cab-bb15-74b830a494dd"
2022-08-25 * "Invoice #87 INV-0110 CHOI (ASIA)"
  Income:Sales:SalesItem:SellWatch -715000 HKD
  category: "Jewelry"
  sku: "WATCH003"
  qty: 1
  referenceNo: "87"
  orderId: "594cd9a4-fa7d-425c-92a8-410dc2918f14"
  type: "Invoice Item"
  sourceId: "2e255eef-e007-49cd-84c5-34b010305898"
  Assets:CurrentAssets:AccountReceivable
  referenceNo: "87"
  orderId: "594cd9a4-fa7d-425c-92a8-410dc2918f14"
  type: "Invoice"
  sourceId: "594cd9a4-fa7d-425c-92a8-410dc2918f14"
  contact: "852 92088918 (貴族鐘錶) [72b4b38a-a61c-4f8e-a9b8-fe96a20c46e4]"
2022-08-25 * "Bill #238 Bill0110 WATCH PURCHASE"
  referenceNo: "238"
  orderId: "4e1119c6-db4f-40e1-93cf-975e1dfbeda4"
  type: "Bill"
  Expenses:CostOfSales:Purchase:PurchaseItem:BuyWatch 700000 HKD
  category: "Jewelry"
  sku: "WATCH003"
  qty: 1
  referenceNo: "238"
  orderId: "4e1119c6-db4f-40e1-93cf-975e1dfbeda4"
  type: "Bill Item"
  sourceId: "a88b94d5-9c95-487f-88f3-577a30a4be5c"
  Liabilities:CurrentLiabilities:AccountPayable
  referenceNo: "238"
  orderId: "4e1119c6-db4f-40e1-93cf-975e1dfbeda4"
  type: "Bill"
  sourceId: "4e1119c6-db4f-40e1-93cf-975e1dfbeda4"
  contact: "998 12345783 (ZHEN WATCH COMPANY LIMITED) [9a6c7e06-6d85-4a0a-9813-3ebe4cb29bcb]"
2022-08-25 * "Assets:CurrentAssets:Cash:CashInHand" "Invoice Payment for Invoice #87 #384e4372-966f-4cdb-b24d-9b638604df8b"
  Assets:CurrentAssets:Cash:CashInHand 50000 HKD
  type: "Invoice Payment"
  sourceId: "384e4372-966f-4cdb-b24d-9b638604df8b"
  referenceNo: "87"
  orderId: "594cd9a4-fa7d-425c-92a8-410dc2918f14"
  Assets:CurrentAssets:AccountReceivable -50000 HKD
  type: "Invoice Payment"
  sourceId: "384e4372-966f-4cdb-b24d-9b638604df8b"
  referenceNo: "87"
  orderId: "594cd9a4-fa7d-425c-92a8-410dc2918f14"
  contact: "852 92088918 (貴族鐘錶) [72b4b38a-a61c-4f8e-a9b8-fe96a20c46e4]"
2022-08-25 * "998 12345783 (ZHEN WATCH COMPANY LIMITED) [9a6c7e06-6d85-4a0a-9813-3ebe4cb29bcb]" "Bill Payment for Bill #238 #4374ca98-7f4f-4f02-b9ba-9cff3b58c14b"
  contact: "998 12345783 (ZHEN WATCH COMPANY LIMITED) [9a6c7e06-6d85-4a0a-9813-3ebe4cb29bcb]"
  Liabilities:CurrentLiabilities:AccountPayable 50000 HKD
  type: "Bill Payment"
  sourceId: "4374ca98-7f4f-4f02-b9ba-9cff3b58c14b"
  referenceNo: "238"
  orderId: "4e1119c6-db4f-40e1-93cf-975e1dfbeda4"
  Assets:CurrentAssets:Cash:CashInHand -50000 HKD
  type: "Bill Payment"
  sourceId: "4374ca98-7f4f-4f02-b9ba-9cff3b58c14b"
  referenceNo: "238"
  orderId: "4e1119c6-db4f-40e1-93cf-975e1dfbeda4"
2022-08-26 * "Bill #843 Welcome Rebate - BOC VISA"
  referenceNo: "843"
  orderId: "7f62903a-e286-41ef-a648-db9ce753cd9f"
  type: "Bill"
  Expenses:GeneralExpense:BankFeesExpense -300 HKD
  qty: "1"
  description: "Welcome Rebate - BOC VISA"
  referenceNo: "843"
  orderId: "7f62903a-e286-41ef-a648-db9ce753cd9f"
  type: "Bill Item"
  sourceId: "1d3e05ea-b0d8-469d-8442-fad97ec94b1d"
  Liabilities:CurrentLiabilities:AccountPayable
  referenceNo: "843"
  orderId: "7f62903a-e286-41ef-a648-db9ce753cd9f"
  type: "Bill"
  sourceId: "7f62903a-e286-41ef-a648-db9ce753cd9f"
  contact: "998 12345835 (boc(bank of china)) [82f385a7-d238-4826-9a12-e06648f93cdb]"
2022-08-26 * "Assets:CurrentAssets:Cash:CashInHand" "Invoice Payment for Invoice #87 #9564058b-8c74-4c3a-81cb-e6be88ad6cd5"
  Assets:CurrentAssets:Cash:CashInHand 665000 HKD
  type: "Invoice Payment"
  sourceId: "9564058b-8c74-4c3a-81cb-e6be88ad6cd5"
  referenceNo: "87"
  orderId: "594cd9a4-fa7d-425c-92a8-410dc2918f14"
  Assets:CurrentAssets:AccountReceivable -665000 HKD
  type: "Invoice Payment"
  sourceId: "9564058b-8c74-4c3a-81cb-e6be88ad6cd5"
  referenceNo: "87"
  orderId: "594cd9a4-fa7d-425c-92a8-410dc2918f14"
  contact: "852 92088918 (貴族鐘錶) [72b4b38a-a61c-4f8e-a9b8-fe96a20c46e4]"
2022-08-26 * "998 12345835 (boc(bank of china)) [82f385a7-d238-4826-9a12-e06648f93cdb]" "Bill Payment for Bill #843 #995c00c8-5785-496b-b39b-cca3c09f5118"
  contact: "998 12345835 (boc(bank of china)) [82f385a7-d238-4826-9a12-e06648f93cdb]"
  Liabilities:CurrentLiabilities:AccountPayable -300 HKD
  type: "Bill Payment"
  sourceId: "995c00c8-5785-496b-b39b-cca3c09f5118"
  referenceNo: "843"
  orderId: "7f62903a-e286-41ef-a648-db9ce753cd9f"
  Assets:CurrentAssets:Bank:BocVisaCard-DavidBank --300 HKD
  type: "Bill Payment"
  sourceId: "995c00c8-5785-496b-b39b-cca3c09f5118"
  referenceNo: "843"
  orderId: "7f62903a-e286-41ef-a648-db9ce753cd9f"
2022-08-26 * "Bill #278 FACEBK *D5LULG3ZM2"
  referenceNo: "278"
  orderId: "5c18a418-7584-4cb8-9b36-ff26e46893b2"
  type: "Bill"
  Expenses:GeneralExpense:AdvertisingAndBranding 7500 HKD
  category: "CXL - Admin Expense"
  sku: "other - admin (不記倉存)"
  qty: 1
  referenceNo: "278"
  orderId: "5c18a418-7584-4cb8-9b36-ff26e46893b2"
  type: "Bill Item"
  sourceId: "01c76ea2-a188-4c8a-8141-a5124621d5ea"
  Liabilities:CurrentLiabilities:AccountPayable
  referenceNo: "278"
  orderId: "5c18a418-7584-4cb8-9b36-ff26e46893b2"
  type: "Bill"
  sourceId: "5c18a418-7584-4cb8-9b36-ff26e46893b2"
  contact: "880 806 () [53b8789a-4451-4a1f-84f7-a9c5da7ada1a]"
2022-08-26 * "Bill #316 OVERSEA TRANSACTION FEE"
  referenceNo: "316"
  orderId: "87c117e9-1203-4b61-82c5-efd2cd8b2dc8"
  type: "Bill"
  Expenses:GeneralExpense:BankFeesExpense 60 HKD
  qty: "1"
  description: "OVERSEA TRANSACTION FEE"
  referenceNo: "316"
  orderId: "87c117e9-1203-4b61-82c5-efd2cd8b2dc8"
  type: "Bill Item"
  sourceId: "0fbfc403-626f-4de5-95be-b048c8dd7cd3"
  Liabilities:CurrentLiabilities:AccountPayable
  referenceNo: "316"
  orderId: "87c117e9-1203-4b61-82c5-efd2cd8b2dc8"
  type: "Bill"
  sourceId: "87c117e9-1203-4b61-82c5-efd2cd8b2dc8"
  contact: "998 12345835 (boc(bank of china)) [82f385a7-d238-4826-9a12-e06648f93cdb]"
2022-08-26 * "880 806 () [53b8789a-4451-4a1f-84f7-a9c5da7ada1a]" "Bill Payment for Bill #278 #78754687-e9a6-40f8-8520-6b0a197cd397"
  contact: "880 806 () [53b8789a-4451-4a1f-84f7-a9c5da7ada1a]"
  Liabilities:CurrentLiabilities:AccountPayable 7500 HKD
  type: "Bill Payment"
  sourceId: "78754687-e9a6-40f8-8520-6b0a197cd397"
  referenceNo: "278"
  orderId: "5c18a418-7584-4cb8-9b36-ff26e46893b2"
  Assets:CurrentAssets:Bank:BocVisaCard-DavidBank -7500 HKD
  type: "Bill Payment"
  sourceId: "78754687-e9a6-40f8-8520-6b0a197cd397"
  referenceNo: "278"
  orderId: "5c18a418-7584-4cb8-9b36-ff26e46893b2"
2022-08-26 * "998 12345835 (boc(bank of china)) [82f385a7-d238-4826-9a12-e06648f93cdb]" "Bill Payment for Bill #316 #82c9add3-d9f8-487f-8cb6-c06ec2b41668"
  contact: "998 12345835 (boc(bank of china)) [82f385a7-d238-4826-9a12-e06648f93cdb]"
  Liabilities:CurrentLiabilities:AccountPayable 60 HKD
  type: "Bill Payment"
  sourceId: "82c9add3-d9f8-487f-8cb6-c06ec2b41668"
  referenceNo: "316"
  orderId: "87c117e9-1203-4b61-82c5-efd2cd8b2dc8"
  Assets:CurrentAssets:Bank:BocVisaCard-DavidBank -60 HKD
  type: "Bill Payment"
  sourceId: "82c9add3-d9f8-487f-8cb6-c06ec2b41668"
  referenceNo: "316"
  orderId: "87c117e9-1203-4b61-82c5-efd2cd8b2dc8"
2022-08-27 * "Assets:CurrentAssets:Bank:KpayBank" "Invoice Payment for Invoice #30 #d79d38e7-064b-4be8-8f3e-d7d0dee3255c"
  Assets:CurrentAssets:Bank:KpayBank 53150 HKD
  type: "Invoice Payment"
  sourceId: "d79d38e7-064b-4be8-8f3e-d7d0dee3255c"
  referenceNo: "30"
  orderId: "23cdca4d-3fdd-4313-9553-7d69f9dd8180"
  Assets:CurrentAssets:AccountReceivable -53150 HKD
  type: "Invoice Payment"
  sourceId: "d79d38e7-064b-4be8-8f3e-d7d0dee3255c"
  referenceNo: "30"
  orderId: "23cdca4d-3fdd-4313-9553-7d69f9dd8180"
  contact: "852 62093677 (MR. LI ANTHONY) [66d9bf71-d062-4f2f-9413-6d0391cba3b3]"
2022-08-27 * "998 12345821 (KPAY) [5a706f32-7edc-48d8-ae47-62fee1e8bba1]" "Bill Payment for Bill #365 #c235f5dc-c9a5-40f4-93e9-88b07d2a7944"
  contact: "998 12345821 (KPAY) [5a706f32-7edc-48d8-ae47-62fee1e8bba1]"
  Liabilities:CurrentLiabilities:AccountPayable 798.25 HKD
  type: "Bill Payment"
  sourceId: "c235f5dc-c9a5-40f4-93e9-88b07d2a7944"
  referenceNo: "365"
  orderId: "2e907df2-1e9f-43e3-abda-4e8f70788a84"
  Assets:CurrentAssets:Bank:KpayBank -798.25 HKD
  type: "Bill Payment"
  sourceId: "c235f5dc-c9a5-40f4-93e9-88b07d2a7944"
  referenceNo: "365"
  orderId: "2e907df2-1e9f-43e3-abda-4e8f70788a84"
2022-08-27 * "998 12345783 (ZHEN WATCH COMPANY LIMITED) [9a6c7e06-6d85-4a0a-9813-3ebe4cb29bcb]" "Bill Payment for Bill #238 #a7533778-e68d-41a8-b7d5-490bf168a350"
  contact: "998 12345783 (ZHEN WATCH COMPANY LIMITED) [9a6c7e06-6d85-4a0a-9813-3ebe4cb29bcb]"
  Liabilities:CurrentLiabilities:AccountPayable 650000 HKD
  type: "Bill Payment"
  sourceId: "a7533778-e68d-41a8-b7d5-490bf168a350"
  referenceNo: "238"
  orderId: "4e1119c6-db4f-40e1-93cf-975e1dfbeda4"
  Assets:CurrentAssets:Cash:CashInHand -650000 HKD
  type: "Bill Payment"
  sourceId: "a7533778-e68d-41a8-b7d5-490bf168a350"
  referenceNo: "238"
  orderId: "4e1119c6-db4f-40e1-93cf-975e1dfbeda4"
2022-08-28 * "Invoice #69 INV-0111"
  Income:Sales:SalesItem:SellBespokeorotherFee -150 HKD
  category: "Other"
  sku: "Processing 008"
  qty: 1
  referenceNo: "69"
  orderId: "6964925a-601e-49bd-9702-4bab519304e1"
  type: "Invoice Item"
  sourceId: "10d1ae90-8e5f-4ac5-a6da-35535e956862"
  Income:Sales:SalesItem:SellBespokeorotherFee -1276 HKD
  category: "Other"
  sku: "Processing 009"
  qty: 1
  referenceNo: "69"
  orderId: "6964925a-601e-49bd-9702-4bab519304e1"
  type: "Invoice Item"
  sourceId: "6a416924-5b6e-4ca2-b0f7-d13e0141513d"
  Assets:CurrentAssets:AccountReceivable
  referenceNo: "69"
  orderId: "6964925a-601e-49bd-9702-4bab519304e1"
  type: "Invoice"
  sourceId: "6964925a-601e-49bd-9702-4bab519304e1"
  contact: "63 9175088682 (MS. KWAN WINNIE) [559fadd6-98c8-4f39-98d5-8d0ed255ecab]"
2022-08-28 * "Bill #365 kpay027"
  referenceNo: "365"
  orderId: "2e907df2-1e9f-43e3-abda-4e8f70788a84"
  type: "Bill"
  Expenses:GeneralExpense:CardFeeExpense 798.25 HKD
  qty: "1"
  description: "KPAY FEE"
  referenceNo: "365"
  orderId: "2e907df2-1e9f-43e3-abda-4e8f70788a84"
  type: "Bill Item"
  sourceId: "43701341-09d8-49eb-a732-92c0955ba1f6"
  Liabilities:CurrentLiabilities:AccountPayable
  referenceNo: "365"
  orderId: "2e907df2-1e9f-43e3-abda-4e8f70788a84"
  type: "Bill"
  sourceId: "2e907df2-1e9f-43e3-abda-4e8f70788a84"
  contact: "998 12345821 (KPAY) [5a706f32-7edc-48d8-ae47-62fee1e8bba1]"
2022-08-28 * "Bill #149 SI-10283 #111, 126"
  referenceNo: "149"
  orderId: "97f769cf-41a7-42cf-90ff-124e52528ce0"
  type: "Bill"
  Expenses:CostOfSales:Purchase:PurchaseItem:BuyCost-ProcessingFee 300 HKD
  category: "Other"
  sku: "Processing 019"
  qty: 1
  referenceNo: "149"
  orderId: "97f769cf-41a7-42cf-90ff-124e52528ce0"
  type: "Bill Item"
  sourceId: "52fdc85e-44ee-4f12-9a5e-2fbbaac630d5"
  Expenses:CostOfSales:Purchase:PurchaseItem:BuyCost-ProcessingFee 150 HKD
  category: "Other"
  sku: "Processing 008"
  qty: 1
  referenceNo: "149"
  orderId: "97f769cf-41a7-42cf-90ff-124e52528ce0"
  type: "Bill Item"
  sourceId: "9477863a-c9d7-457d-99c4-f79d27daa9b7"
  Expenses:CostOfSales:Purchase:PurchaseItem:BuyCost-ProcessingFee 300 HKD
  category: "Other"
  sku: "Processing 010"
  qty: 1
  referenceNo: "149"
  orderId: "97f769cf-41a7-42cf-90ff-124e52528ce0"
  type: "Bill Item"
  sourceId: "05f53040-418b-4ae1-a4ae-ca6228fb7975"
  Expenses:CostOfSales:Purchase:PurchaseItem:BuyCost-ProcessingFee 976 HKD
  category: "Other"
  sku: "Processing 009"
  qty: 1
  referenceNo: "149"
  orderId: "97f769cf-41a7-42cf-90ff-124e52528ce0"
  type: "Bill Item"
  sourceId: "8c4b5ae1-f98c-4979-93d6-0992f0a5a2e7"
  Liabilities:CurrentLiabilities:AccountPayable
  referenceNo: "149"
  orderId: "97f769cf-41a7-42cf-90ff-124e52528ce0"
  type: "Bill"
  sourceId: "97f769cf-41a7-42cf-90ff-124e52528ce0"
  contact: "998 12345767 (SkyHigh Holdings Group Ltd) [efdca012-5d6e-4361-8ec7-f5566615d58a]"
2022-08-29 * "Bill #371 kpay028"
  referenceNo: "371"
  orderId: "cd28d683-f9b4-425f-9766-97d3f1cf33fa"
  type: "Bill"
  Expenses:GeneralExpense:CardFeeExpense 65.5 HKD
  qty: "1"
  description: "KPAY FEE"
  referenceNo: "371"
  orderId: "cd28d683-f9b4-425f-9766-97d3f1cf33fa"
  type: "Bill Item"
  sourceId: "32a35fcb-b512-4898-946b-727eb0adf4ae"
  Liabilities:CurrentLiabilities:AccountPayable
  referenceNo: "371"
  orderId: "cd28d683-f9b4-425f-9766-97d3f1cf33fa"
  type: "Bill"
  sourceId: "cd28d683-f9b4-425f-9766-97d3f1cf33fa"
  contact: "998 12345821 (KPAY) [5a706f32-7edc-48d8-ae47-62fee1e8bba1]"
2022-08-29 * "Assets:CurrentAssets:Bank:KpayBank" "Invoice Payment for Invoice #18 #4cbe6962-ac9d-448a-ad46-412e5ea131a1"
  Assets:CurrentAssets:Bank:KpayBank 4300 HKD
  type: "Invoice Payment"
  sourceId: "4cbe6962-ac9d-448a-ad46-412e5ea131a1"
  referenceNo: "18"
  orderId: "f42a2ac2-2430-4cfb-a7cf-820432e03220"
  Assets:CurrentAssets:AccountReceivable -4300 HKD
  type: "Invoice Payment"
  sourceId: "4cbe6962-ac9d-448a-ad46-412e5ea131a1"
  referenceNo: "18"
  orderId: "f42a2ac2-2430-4cfb-a7cf-820432e03220"
  contact: "852 98382363 (MR. CHAN CHUN HIU) [bbd7a2f5-7044-41c5-8021-42bef56add6f]"
2022-08-29 * "998 12345767 (SkyHigh Holdings Group Ltd) [efdca012-5d6e-4361-8ec7-f5566615d58a]" "Bill Payment for Bill #639 #639647f3-694c-430b-87c7-5a8e8708c106"
  contact: "998 12345767 (SkyHigh Holdings Group Ltd) [efdca012-5d6e-4361-8ec7-f5566615d58a]"
  Liabilities:CurrentLiabilities:AccountPayable 2102 HKD
  type: "Bill Payment"
  sourceId: "639647f3-694c-430b-87c7-5a8e8708c106"
  referenceNo: "639"
  orderId: "498286ec-d186-4c37-9475-12ca0f9762fc"
  Assets:CurrentAssets:TradeDeposit:TradeDeposit-SkyhighHoldingsGroupLtd -2102 HKD
  type: "Bill Payment"
  sourceId: "639647f3-694c-430b-87c7-5a8e8708c106"
  referenceNo: "639"
  orderId: "498286ec-d186-4c37-9475-12ca0f9762fc"
2022-08-29 * "998 12345767 (SkyHigh Holdings Group Ltd) [efdca012-5d6e-4361-8ec7-f5566615d58a]" "Bill Payment for Bill #639 #654f062d-45e5-4f9a-985e-5de812095b56"
  contact: "998 12345767 (SkyHigh Holdings Group Ltd) [efdca012-5d6e-4361-8ec7-f5566615d58a]"
  Liabilities:CurrentLiabilities:AccountPayable 2082 HKD
  type: "Bill Payment"
  sourceId: "654f062d-45e5-4f9a-985e-5de812095b56"
  referenceNo: "639"
  orderId: "498286ec-d186-4c37-9475-12ca0f9762fc"
  Assets:CurrentAssets:TradeDeposit:TradeDeposit-SkyhighHoldingsGroupLtd -2082 HKD
  type: "Bill Payment"
  sourceId: "654f062d-45e5-4f9a-985e-5de812095b56"
  referenceNo: "639"
  orderId: "498286ec-d186-4c37-9475-12ca0f9762fc"
2022-08-29 * "998 12345767 (SkyHigh Holdings Group Ltd) [efdca012-5d6e-4361-8ec7-f5566615d58a]" "Bill Payment for Bill #321 #777dc8fb-bc80-4c55-883b-b5b75fb71b4b"
  contact: "998 12345767 (SkyHigh Holdings Group Ltd) [efdca012-5d6e-4361-8ec7-f5566615d58a]"
  Liabilities:CurrentLiabilities:AccountPayable 900 HKD
  type: "Bill Payment"
  sourceId: "777dc8fb-bc80-4c55-883b-b5b75fb71b4b"
  referenceNo: "321"
  orderId: "62a35dff-bd41-4dca-815e-b4f8cae7d28a"
  Assets:CurrentAssets:TradeDeposit:TradeDeposit-SkyhighHoldingsGroupLtd -900 HKD
  type: "Bill Payment"
  sourceId: "777dc8fb-bc80-4c55-883b-b5b75fb71b4b"
  referenceNo: "321"
  orderId: "62a35dff-bd41-4dca-815e-b4f8cae7d28a"
2022-08-29 * "998 12345767 (SkyHigh Holdings Group Ltd) [efdca012-5d6e-4361-8ec7-f5566615d58a]" "Bill Payment for Bill #321 #c1b5e560-0c85-4dd9-8980-18c7a965fe3f"
  contact: "998 12345767 (SkyHigh Holdings Group Ltd) [efdca012-5d6e-4361-8ec7-f5566615d58a]"
  Liabilities:CurrentLiabilities:AccountPayable 900 HKD
  type: "Bill Payment"
  sourceId: "c1b5e560-0c85-4dd9-8980-18c7a965fe3f"
  referenceNo: "321"
  orderId: "62a35dff-bd41-4dca-815e-b4f8cae7d28a"
  Assets:CurrentAssets:TradeDeposit:TradeDeposit-SkyhighHoldingsGroupLtd -900 HKD
  type: "Bill Payment"
  sourceId: "c1b5e560-0c85-4dd9-8980-18c7a965fe3f"
  referenceNo: "321"
  orderId: "62a35dff-bd41-4dca-815e-b4f8cae7d28a"
2022-08-29 * "998 12345767 (SkyHigh Holdings Group Ltd) [efdca012-5d6e-4361-8ec7-f5566615d58a]" "Bill Payment for Bill #655 #46a340d0-1040-47e8-97da-511ca39ad41c"
  contact: "998 12345767 (SkyHigh Holdings Group Ltd) [efdca012-5d6e-4361-8ec7-f5566615d58a]"
  Liabilities:CurrentLiabilities:AccountPayable 4957 HKD
  type: "Bill Payment"
  sourceId: "46a340d0-1040-47e8-97da-511ca39ad41c"
  referenceNo: "655"
  orderId: "a2660389-f202-49e4-9f74-2b649a7289cc"
  Assets:CurrentAssets:TradeDeposit:TradeDeposit-SkyhighHoldingsGroupLtd -4957 HKD
  type: "Bill Payment"
  sourceId: "46a340d0-1040-47e8-97da-511ca39ad41c"
  referenceNo: "655"
  orderId: "a2660389-f202-49e4-9f74-2b649a7289cc"
2022-08-29 * "998 12345821 (KPAY) [5a706f32-7edc-48d8-ae47-62fee1e8bba1]" "Bill Payment for Bill #371 #9193d97e-5048-420b-91ce-3bca5039218c"
  contact: "998 12345821 (KPAY) [5a706f32-7edc-48d8-ae47-62fee1e8bba1]"
  Liabilities:CurrentLiabilities:AccountPayable 65.5 HKD
  type: "Bill Payment"
  sourceId: "9193d97e-5048-420b-91ce-3bca5039218c"
  referenceNo: "371"
  orderId: "cd28d683-f9b4-425f-9766-97d3f1cf33fa"
  Assets:CurrentAssets:Bank:KpayBank -65.5 HKD
  type: "Bill Payment"
  sourceId: "9193d97e-5048-420b-91ce-3bca5039218c"
  referenceNo: "371"
  orderId: "cd28d683-f9b4-425f-9766-97d3f1cf33fa"
2022-08-30 * "Invoice #149 INV-0112-01 MR. MOK KAI HONG"
  Income:Sales:SalesItem:Sell18kJewelry -2500 HKD
  category: "Jewelry"
  sku: "DDFFFFFF0300000000000030"
  qty: 1
  referenceNo: "149"
  orderId: "0c2e215f-d3a0-404f-9267-90fc1996309e"
  type: "Invoice Item"
  sourceId: "c009723f-776c-4e94-9538-210411ffbb1d"
  Assets:CurrentAssets:AccountReceivable
  referenceNo: "149"
  orderId: "0c2e215f-d3a0-404f-9267-90fc1996309e"
  type: "Invoice"
  sourceId: "0c2e215f-d3a0-404f-9267-90fc1996309e"
  contact: "852 94741360 (MR. MOK KAI HONG) [3c4ad671-ad14-4c28-89e3-dc98c73da8b6]"
2022-08-30 * "Bill #618 SI-10278 #112, 115"
  referenceNo: "618"
  orderId: "cc8240a0-bdac-4968-8ed6-7ebeadac6678"
  type: "Bill"
  Expenses:CostOfSales:Purchase:PurchaseItem:Buy18kJewelry 2272 HKD
  category: "Ring Setting"
  sku: "DDFFFFFF0B00000000000139"
  qty: 1
  referenceNo: "618"
  orderId: "cc8240a0-bdac-4968-8ed6-7ebeadac6678"
  type: "Bill Item"
  sourceId: "2961d7d1-1cd8-41b7-bd9b-59be65c05165"
  Expenses:CostOfSales:Purchase:PurchaseItem:Buy18kJewelry 1501 HKD
  category: "Jewelry"
  sku: "DDFFFFFF0300000000000030"
  qty: 1
  referenceNo: "618"
  orderId: "cc8240a0-bdac-4968-8ed6-7ebeadac6678"
  type: "Bill Item"
  sourceId: "c0968fd8-6646-472f-a2ce-6d9cbd926abd"
  Expenses:CostOfSales:Purchase:PurchaseItem:BuyBespoke 718 HKD
  category: "Jewelry"
  sku: "DDFFFFFF0600000000000035"
  qty: 1
  referenceNo: "618"
  orderId: "cc8240a0-bdac-4968-8ed6-7ebeadac6678"
  type: "Bill Item"
  sourceId: "27b9c4a5-89df-47c4-9fb6-f76e3bad1ac5"
  Liabilities:CurrentLiabilities:AccountPayable
  referenceNo: "618"
  orderId: "cc8240a0-bdac-4968-8ed6-7ebeadac6678"
  type: "Bill"
  sourceId: "cc8240a0-bdac-4968-8ed6-7ebeadac6678"
  contact: "998 12345767 (SkyHigh Holdings Group Ltd) [efdca012-5d6e-4361-8ec7-f5566615d58a]"
2022-08-30 * "Bill #229 BANK FEE"
  referenceNo: "229"
  orderId: "e6d5276e-42ba-4980-8d72-24cf2a81f86f"
  type: "Bill"
  Expenses:GeneralExpense:BankFeesExpense 55 HKD
  qty: "1"
  description: "BANK FEE"
  referenceNo: "229"
  orderId: "e6d5276e-42ba-4980-8d72-24cf2a81f86f"
  type: "Bill Item"
  sourceId: "86107173-c393-4985-b9bb-bd2f607ab5dc"
  Liabilities:CurrentLiabilities:AccountPayable
  referenceNo: "229"
  orderId: "e6d5276e-42ba-4980-8d72-24cf2a81f86f"
  type: "Bill"
  sourceId: "e6d5276e-42ba-4980-8d72-24cf2a81f86f"
  contact: "880 806 () [53b8789a-4451-4a1f-84f7-a9c5da7ada1a]"
2022-08-30 * "Bill #237 EX00076 RAPAPORT USD 114"
  referenceNo: "237"
  orderId: "69e6ac1f-9cee-4371-920f-3fb15a27a555"
  type: "Bill"
  Expenses:GeneralExpense:Subscriptions 896.94 HKD
  qty: "1"
  description: "EX00076 RAPAPORT USD 114"
  referenceNo: "237"
  orderId: "69e6ac1f-9cee-4371-920f-3fb15a27a555"
  type: "Bill Item"
  sourceId: "639f8cdc-af6a-47c6-a552-f36c92e94142"
  Liabilities:CurrentLiabilities:AccountPayable
  referenceNo: "237"
  orderId: "69e6ac1f-9cee-4371-920f-3fb15a27a555"
  type: "Bill"
  sourceId: "69e6ac1f-9cee-4371-920f-3fb15a27a555"
  contact: "880 806 () [53b8789a-4451-4a1f-84f7-a9c5da7ada1a]"
2022-08-30 * "Assets:CurrentAssets:Bank:BocSavingBank" "Invoice Payment for Invoice #149 #a1a6b72c-edcc-43c6-b9ab-7cf52f2ce339"
  Assets:CurrentAssets:Bank:BocSavingBank 1000 HKD
  type: "Invoice Payment"
  sourceId: "a1a6b72c-edcc-43c6-b9ab-7cf52f2ce339"
  referenceNo: "149"
  orderId: "0c2e215f-d3a0-404f-9267-90fc1996309e"
  Assets:CurrentAssets:AccountReceivable -1000 HKD
  type: "Invoice Payment"
  sourceId: "a1a6b72c-edcc-43c6-b9ab-7cf52f2ce339"
  referenceNo: "149"
  orderId: "0c2e215f-d3a0-404f-9267-90fc1996309e"
  contact: "852 94741360 (MR. MOK KAI HONG) [3c4ad671-ad14-4c28-89e3-dc98c73da8b6]"
2022-08-30 * "880 806 () [53b8789a-4451-4a1f-84f7-a9c5da7ada1a]" "Bill Payment for Bill #229 #61694fe6-1c91-44b9-ad11-7e8bf6ad50d5"
  contact: "880 806 () [53b8789a-4451-4a1f-84f7-a9c5da7ada1a]"
  Liabilities:CurrentLiabilities:AccountPayable 55 HKD
  type: "Bill Payment"
  sourceId: "61694fe6-1c91-44b9-ad11-7e8bf6ad50d5"
  referenceNo: "229"
  orderId: "e6d5276e-42ba-4980-8d72-24cf2a81f86f"
  Assets:CurrentAssets:Bank:BocSavingBank -55 HKD
  type: "Bill Payment"
  sourceId: "61694fe6-1c91-44b9-ad11-7e8bf6ad50d5"
  referenceNo: "229"
  orderId: "e6d5276e-42ba-4980-8d72-24cf2a81f86f"
2022-08-30 * "880 806 () [53b8789a-4451-4a1f-84f7-a9c5da7ada1a]" "Bill Payment for Bill #237 #c0d2dc18-0845-409f-8462-57b3e14121c6"
  contact: "880 806 () [53b8789a-4451-4a1f-84f7-a9c5da7ada1a]"
  Liabilities:CurrentLiabilities:AccountPayable 896.94 HKD
  type: "Bill Payment"
  sourceId: "c0d2dc18-0845-409f-8462-57b3e14121c6"
  referenceNo: "237"
  orderId: "69e6ac1f-9cee-4371-920f-3fb15a27a555"
  Assets:CurrentAssets:Bank:BocSavingBank -896.94 HKD
  type: "Bill Payment"
  sourceId: "c0d2dc18-0845-409f-8462-57b3e14121c6"
  referenceNo: "237"
  orderId: "69e6ac1f-9cee-4371-920f-3fb15a27a555"
2022-08-30 * "Bill #339 OVERSEA TRANSACTION FEE"
  referenceNo: "339"
  orderId: "f74a3bcb-4b12-42a0-845d-55df913b0424"
  type: "Bill"
  Expenses:GeneralExpense:BankFeesExpense 60 HKD
  qty: "1"
  description: "OVERSEA TRANSACTION FEE"
  referenceNo: "339"
  orderId: "f74a3bcb-4b12-42a0-845d-55df913b0424"
  type: "Bill Item"
  sourceId: "305a18a5-f8c3-44cd-8b8f-6a69f08462b3"
  Liabilities:CurrentLiabilities:AccountPayable
  referenceNo: "339"
  orderId: "f74a3bcb-4b12-42a0-845d-55df913b0424"
  type: "Bill"
  sourceId: "f74a3bcb-4b12-42a0-845d-55df913b0424"
  contact: "880 806 () [53b8789a-4451-4a1f-84f7-a9c5da7ada1a]"
2022-08-30 * "Bill #336 FACEBK *5FMM8JKZM2"
  referenceNo: "336"
  orderId: "1a36853b-39dc-413b-b6fc-3d48e2a7a4fa"
  type: "Bill"
  Expenses:GeneralExpense:AdvertisingAndBranding 7500 HKD
  category: "CXL - Admin Expense"
  sku: "other - admin (不記倉存)"
  qty: 1
  referenceNo: "336"
  orderId: "1a36853b-39dc-413b-b6fc-3d48e2a7a4fa"
  type: "Bill Item"
  sourceId: "7eba82ec-56bc-457c-9364-53f70b9d849f"
  Liabilities:CurrentLiabilities:AccountPayable
  referenceNo: "336"
  orderId: "1a36853b-39dc-413b-b6fc-3d48e2a7a4fa"
  type: "Bill"
  sourceId: "1a36853b-39dc-413b-b6fc-3d48e2a7a4fa"
  contact: "880 806 () [53b8789a-4451-4a1f-84f7-a9c5da7ada1a]"
2022-08-30 * "880 806 () [53b8789a-4451-4a1f-84f7-a9c5da7ada1a]" "Bill Payment for Bill #336 #c0a376c6-e3c0-468d-9a67-0ebd8fe0203d"
  contact: "880 806 () [53b8789a-4451-4a1f-84f7-a9c5da7ada1a]"
  Liabilities:CurrentLiabilities:AccountPayable 7500 HKD
  type: "Bill Payment"
  sourceId: "c0a376c6-e3c0-468d-9a67-0ebd8fe0203d"
  referenceNo: "336"
  orderId: "1a36853b-39dc-413b-b6fc-3d48e2a7a4fa"
  Assets:CurrentAssets:Bank:BocVisaCard-DavidBank -7500 HKD
  type: "Bill Payment"
  sourceId: "c0a376c6-e3c0-468d-9a67-0ebd8fe0203d"
  referenceNo: "336"
  orderId: "1a36853b-39dc-413b-b6fc-3d48e2a7a4fa"
2022-08-30 * "880 806 () [53b8789a-4451-4a1f-84f7-a9c5da7ada1a]" "Bill Payment for Bill #339 #cacc9a43-497c-4e50-94cf-0e42e6cbe989"
  contact: "880 806 () [53b8789a-4451-4a1f-84f7-a9c5da7ada1a]"
  Liabilities:CurrentLiabilities:AccountPayable 60 HKD
  type: "Bill Payment"
  sourceId: "cacc9a43-497c-4e50-94cf-0e42e6cbe989"
  referenceNo: "339"
  orderId: "f74a3bcb-4b12-42a0-845d-55df913b0424"
  Assets:CurrentAssets:Bank:BocVisaCard-DavidBank -60 HKD
  type: "Bill Payment"
  sourceId: "cacc9a43-497c-4e50-94cf-0e42e6cbe989"
  referenceNo: "339"
  orderId: "f74a3bcb-4b12-42a0-845d-55df913b0424"
2022-08-31 * "Invoice #99 INV-0113 MR. HO CHUN KEUNG"
  Income:Sales:Discount --800 HKD
  description: "CASH DISCOUNT"
  qty: 1
  referenceNo: "99"
  orderId: "65cd7155-ff1d-491f-b946-919214252f3a"
  type: "Invoice Item"
  sourceId: "bdff3b03-7f29-49be-9533-732df8bbf724"
  Income:Sales:SalesItem:SellDiamond -83000 HKD
  category: "Natural Diamond"
  sku: "DDFFFFFF0800001423430956"
  qty: 1
  referenceNo: "99"
  orderId: "65cd7155-ff1d-491f-b946-919214252f3a"
  type: "Invoice Item"
  sourceId: "7e539df8-2ea8-4f74-81ad-ed46b15e9365"
  Assets:CurrentAssets:AccountReceivable
  referenceNo: "99"
  orderId: "65cd7155-ff1d-491f-b946-919214252f3a"
  type: "Invoice"
  sourceId: "65cd7155-ff1d-491f-b946-919214252f3a"
  contact: "852 51314057 (MR. HO CHUN KEUNG) [3acc9f4d-f5f5-43d3-b286-accf2959e51a]"
2022-08-31 * "Bill #249 BANK FEE 2"
  referenceNo: "249"
  orderId: "0e42518c-2b72-41fb-9310-60f5c31d1b99"
  type: "Bill"
  Expenses:GeneralExpense:BankFeesExpense 55 HKD
  qty: "1"
  description: "BANK FEE"
  referenceNo: "249"
  orderId: "0e42518c-2b72-41fb-9310-60f5c31d1b99"
  type: "Bill Item"
  sourceId: "20b89a4c-9930-45ba-b2ef-2170c947e6e0"
  Liabilities:CurrentLiabilities:AccountPayable
  referenceNo: "249"
  orderId: "0e42518c-2b72-41fb-9310-60f5c31d1b99"
  type: "Bill"
  sourceId: "0e42518c-2b72-41fb-9310-60f5c31d1b99"
  contact: "880 806 () [53b8789a-4451-4a1f-84f7-a9c5da7ada1a]"
2022-08-31 * "Bill #252 #0113 GIA PURCHASE, NO.Z389"
  referenceNo: "252"
  orderId: "bd4e6ab8-9b2e-4ad8-8da6-e4a27bd259c9"
  type: "Bill"
  Expenses:CostOfSales:Purchase:PurchaseItem:BuyDiamond 74734.23 HKD
  category: "Natural Diamond"
  sku: "DDFFFFFF0800001423430956"
  qty: 1
  referenceNo: "252"
  orderId: "bd4e6ab8-9b2e-4ad8-8da6-e4a27bd259c9"
  type: "Bill Item"
  sourceId: "1745f768-8590-4051-9f55-c6e2f5e82b8d"
  Liabilities:CurrentLiabilities:AccountPayable
  referenceNo: "252"
  orderId: "bd4e6ab8-9b2e-4ad8-8da6-e4a27bd259c9"
  type: "Bill"
  sourceId: "bd4e6ab8-9b2e-4ad8-8da6-e4a27bd259c9"
  contact: "998 12345704 (DIAMOND ICQ) [eea98a20-7819-47dd-b89d-e811ec9b59bc]"
2022-08-31 * "Assets:CurrentAssets:Bank:BocSavingBank" "Invoice Payment for Invoice #99 #d3d25abe-0b03-46e1-890d-4848dfe0dd5e"
  Assets:CurrentAssets:Bank:BocSavingBank 40000 HKD
  type: "Invoice Payment"
  sourceId: "d3d25abe-0b03-46e1-890d-4848dfe0dd5e"
  referenceNo: "99"
  orderId: "65cd7155-ff1d-491f-b946-919214252f3a"
  Assets:CurrentAssets:AccountReceivable -40000 HKD
  type: "Invoice Payment"
  sourceId: "d3d25abe-0b03-46e1-890d-4848dfe0dd5e"
  referenceNo: "99"
  orderId: "65cd7155-ff1d-491f-b946-919214252f3a"
  contact: "852 51314057 (MR. HO CHUN KEUNG) [3acc9f4d-f5f5-43d3-b286-accf2959e51a]"
2022-08-31 * "998 12345704 (DIAMOND ICQ) [eea98a20-7819-47dd-b89d-e811ec9b59bc]" "Bill Payment for Bill #252 #7cd297e0-c2b5-4d25-891e-ab360354ff30"
  contact: "998 12345704 (DIAMOND ICQ) [eea98a20-7819-47dd-b89d-e811ec9b59bc]"
  Liabilities:CurrentLiabilities:AccountPayable 74734.23 HKD
  type: "Bill Payment"
  sourceId: "7cd297e0-c2b5-4d25-891e-ab360354ff30"
  referenceNo: "252"
  orderId: "bd4e6ab8-9b2e-4ad8-8da6-e4a27bd259c9"
  Assets:CurrentAssets:Bank:BocSavingBank -74734.23 HKD
  type: "Bill Payment"
  sourceId: "7cd297e0-c2b5-4d25-891e-ab360354ff30"
  referenceNo: "252"
  orderId: "bd4e6ab8-9b2e-4ad8-8da6-e4a27bd259c9"
2022-08-31 * "880 806 () [53b8789a-4451-4a1f-84f7-a9c5da7ada1a]" "Bill Payment for Bill #249 #2f1da6ce-2c22-40b8-badf-7de49dec1127"
  contact: "880 806 () [53b8789a-4451-4a1f-84f7-a9c5da7ada1a]"
  Liabilities:CurrentLiabilities:AccountPayable 55 HKD
  type: "Bill Payment"
  sourceId: "2f1da6ce-2c22-40b8-badf-7de49dec1127"
  referenceNo: "249"
  orderId: "0e42518c-2b72-41fb-9310-60f5c31d1b99"
  Assets:CurrentAssets:Bank:BocSavingBank -55 HKD
  type: "Bill Payment"
  sourceId: "2f1da6ce-2c22-40b8-badf-7de49dec1127"
  referenceNo: "249"
  orderId: "0e42518c-2b72-41fb-9310-60f5c31d1b99"