; ORDER transactions for 2022-09

2022-09-01 * "Bill #254 BANK - Bank Charge"
  referenceNo: "254"
  orderId: "92412f96-b2f9-4aa8-96be-8f22f0c9c1c9"
  type: "Bill"
  Expenses:GeneralExpense:BankFeesExpense 55.00 HKD
  qty: "1"
  description: "BANK - Bank Charge"
  referenceNo: "254"
  orderId: "92412f96-b2f9-4aa8-96be-8f22f0c9c1c9"
  type: "Bill Item"
  sourceId: "52638b72-c6c0-4ee0-b8c4-93c9de8a010d"
  Liabilities:CurrentLiabilities:AccountPayable
  referenceNo: "254"
  orderId: "92412f96-b2f9-4aa8-96be-8f22f0c9c1c9"
  type: "Bill"
  sourceId: "92412f96-b2f9-4aa8-96be-8f22f0c9c1c9"
  contact: "880 806 () [53b8789a-4451-4a1f-84f7-a9c5da7ada1a]"
2022-09-01 * "Bill #253 NO.0243 NEW GIA STOCK PURCHASES"
  referenceNo: "253"
  orderId: "db40e255-5476-44a4-9b59-fb7f1ddffe04"
  type: "Bill"
  Expenses:CostOfSales:Purchase:PurchaseItem:BuyDiamond 51671.00 HKD
  category: "Natural Diamond"
  sku: "DDFFFFFF0800006431911669"
  qty: 1
  referenceNo: "253"
  orderId: "db40e255-5476-44a4-9b59-fb7f1ddffe04"
  type: "Bill Item"
  sourceId: "5ffc23df-53b8-4e25-8530-05375a7c3444"
  Liabilities:CurrentLiabilities:AccountPayable
  referenceNo: "253"
  orderId: "db40e255-5476-44a4-9b59-fb7f1ddffe04"
  type: "Bill"
  sourceId: "db40e255-5476-44a4-9b59-fb7f1ddffe04"
  contact: "998 12345716 (HDL-HRISHIDIAMLTD.) [65487079-78f7-426a-a840-aa15185d2526]"
2022-09-01 * "998 12345716 (HDL-HRISHIDIAMLTD.) [65487079-78f7-426a-a840-aa15185d2526]" "Bill Payment for Bill #253 #fa2723ed-4f69-4ae3-a6c9-7281cecfc91f"
  Liabilities:CurrentLiabilities:AccountPayable 51671.00 HKD
  contact: "998 12345716 (HDL-HRISHIDIAMLTD.) [65487079-78f7-426a-a840-aa15185d2526]"
  type: "Bill Payment"
  sourceId: "fa2723ed-4f69-4ae3-a6c9-7281cecfc91f"
  referenceNo: "253"
  orderId: "db40e255-5476-44a4-9b59-fb7f1ddffe04"
  Assets:CurrentAssets:Bank:BocSavingBank -51671.00 HKD
  type: "Bill Payment"
  sourceId: "fa2723ed-4f69-4ae3-a6c9-7281cecfc91f"
  referenceNo: "253"
  orderId: "db40e255-5476-44a4-9b59-fb7f1ddffe04"
2022-09-01 * "880 806 () [53b8789a-4451-4a1f-84f7-a9c5da7ada1a]" "Bill Payment for Bill #254 #8d95ba48-c818-4591-9079-97059e345301"
  Liabilities:CurrentLiabilities:AccountPayable 55.00 HKD
  contact: "880 806 () [53b8789a-4451-4a1f-84f7-a9c5da7ada1a]"
  type: "Bill Payment"
  sourceId: "8d95ba48-c818-4591-9079-97059e345301"
  referenceNo: "254"
  orderId: "92412f96-b2f9-4aa8-96be-8f22f0c9c1c9"
  Assets:CurrentAssets:Bank:BocSavingBank -55.00 HKD
  type: "Bill Payment"
  sourceId: "8d95ba48-c818-4591-9079-97059e345301"
  referenceNo: "254"
  orderId: "92412f96-b2f9-4aa8-96be-8f22f0c9c1c9"
2022-09-01 * "Bill #442 323 RENT PAID"
  referenceNo: "442"
  orderId: "c3d2f9c6-6e26-43e6-91a4-b8652851846e"
  type: "Bill"
  Expenses:GeneralExpense:Rent 17000.00 HKD
  qty: "1"
  description: "323 RENT PAID"
  referenceNo: "442"
  orderId: "c3d2f9c6-6e26-43e6-91a4-b8652851846e"
  type: "Bill Item"
  sourceId: "8c63bb6f-818f-4bdf-bdd4-b0172af2fc81"
  Liabilities:CurrentLiabilities:AccountPayable
  referenceNo: "442"
  orderId: "c3d2f9c6-6e26-43e6-91a4-b8652851846e"
  type: "Bill"
  sourceId: "c3d2f9c6-6e26-43e6-91a4-b8652851846e"
  contact: "880 806 () [53b8789a-4451-4a1f-84f7-a9c5da7ada1a]"
2022-09-01 * "880 806 () [53b8789a-4451-4a1f-84f7-a9c5da7ada1a]" "Bill Payment for Bill #442 #46860a65-027e-4b01-8727-e45962fd9d11"
  Liabilities:CurrentLiabilities:AccountPayable 17000.00 HKD
  contact: "880 806 () [53b8789a-4451-4a1f-84f7-a9c5da7ada1a]"
  type: "Bill Payment"
  sourceId: "46860a65-027e-4b01-8727-e45962fd9d11"
  referenceNo: "442"
  orderId: "c3d2f9c6-6e26-43e6-91a4-b8652851846e"
  Assets:CurrentAssets:Bank:BocCurrentBank -17000.00 HKD
  type: "Bill Payment"
  sourceId: "46860a65-027e-4b01-8727-e45962fd9d11"
  referenceNo: "442"
  orderId: "c3d2f9c6-6e26-43e6-91a4-b8652851846e"
2022-09-03 * "Invoice #172 INV-0114 MR.YAM TOMMY"
  Income:Sales:SalesItem:Sell-ForProcess交外廠加工 -0.00 HKD
  category: "Other"
  sku: "Processing 011"
  qty: 1
  referenceNo: "172"
  orderId: "d4ceeb8d-c632-4ed9-bbbd-29e8a04ae297"
  type: "Invoice Item"
  sourceId: "8241c41d-9d09-43ef-8657-e1e1791ad9ec"
  Income:Sales:SalesItem:SellDiamond -60800.00 HKD
  category: "Natural Diamond"
  sku: "DDFFFFFF0800006431911669"
  qty: 1
  referenceNo: "172"
  orderId: "d4ceeb8d-c632-4ed9-bbbd-29e8a04ae297"
  type: "Invoice Item"
  sourceId: "72c1c4c3-a7e3-49c4-9550-bdfd31d85872"
  Income:Sales:SalesItem:Sell18kJewelry -2500.00 HKD
  category: "Ring Setting"
  sku: "DDFFFFFF0B00000000000138"
  qty: 1
  referenceNo: "172"
  orderId: "d4ceeb8d-c632-4ed9-bbbd-29e8a04ae297"
  type: "Invoice Item"
  sourceId: "a16848da-0325-47ed-8668-97f629e6e8ca"
  Income:Sales:Discount --800.00 HKD
  description: "DISCOUNT (800)"
  qty: 1
  referenceNo: "172"
  orderId: "d4ceeb8d-c632-4ed9-bbbd-29e8a04ae297"
  type: "Invoice Item"
  sourceId: "aabd54af-f718-49bd-99f2-6ff9e4bec53a"
  Income:Sales:SalesItem:Sell18kJewelry -5000.00 HKD
  category: "Jewelry"
  sku: "DDFFFFFF0200000000000033"
  qty: 1
  referenceNo: "172"
  orderId: "d4ceeb8d-c632-4ed9-bbbd-29e8a04ae297"
  type: "Invoice Item"
  sourceId: "a413a39d-a966-4270-aaaa-4a930ec05f12"
  Income:Sales:SalesItem:Sell18kJewelry -1580.00 HKD
  category: "Jewelry"
  sku: "DDFFFFFF0700000000000020"
  qty: 1
  referenceNo: "172"
  orderId: "d4ceeb8d-c632-4ed9-bbbd-29e8a04ae297"
  type: "Invoice Item"
  sourceId: "50bf7c73-42fb-4155-8e3c-ff4ef3786b22"
  Assets:CurrentAssets:AccountReceivable
  referenceNo: "172"
  orderId: "d4ceeb8d-c632-4ed9-bbbd-29e8a04ae297"
  type: "Invoice"
  sourceId: "d4ceeb8d-c632-4ed9-bbbd-29e8a04ae297"
  contact: "852 61141399 (MR.YAMTOMMY) [481d6d96-eff6-4fb5-be7c-72e9157ab6ad]"
2022-09-03 * "Bill #367 kpay029"
  referenceNo: "367"
  orderId: "c3c57f76-62bf-4606-82d6-bd6ba78dfa6b"
  type: "Bill"
  Expenses:GeneralExpense:CardFeeExpense 519.10 HKD
  qty: "1"
  description: "KPAY FEE"
  referenceNo: "367"
  orderId: "c3c57f76-62bf-4606-82d6-bd6ba78dfa6b"
  type: "Bill Item"
  sourceId: "e9a7b4b8-1808-4e87-a46f-ff84dd205d40"
  Liabilities:CurrentLiabilities:AccountPayable
  referenceNo: "367"
  orderId: "c3c57f76-62bf-4606-82d6-bd6ba78dfa6b"
  type: "Bill"
  sourceId: "c3c57f76-62bf-4606-82d6-bd6ba78dfa6b"
  contact: "998 12345821 (KPAY) [5a706f32-7edc-48d8-ae47-62fee1e8bba1]"
2022-09-03 * "Bill #651 SI-10277 #114"
  referenceNo: "651"
  orderId: "924bd9d0-0b16-4710-87b3-9383c1ec1c25"
  type: "Bill"
  Expenses:CostOfSales:Purchase:PurchaseItem:Buy18kJewelry 2294.00 HKD
  category: "Ring Setting"
  sku: "DDFFFFFF0B00000000000138"
  qty: 1
  referenceNo: "651"
  orderId: "924bd9d0-0b16-4710-87b3-9383c1ec1c25"
  type: "Bill Item"
  sourceId: "ef7f16d4-d664-44f3-b7a1-0eebc2bf9ea2"
  Liabilities:CurrentLiabilities:AccountPayable
  referenceNo: "651"
  orderId: "924bd9d0-0b16-4710-87b3-9383c1ec1c25"
  type: "Bill"
  sourceId: "924bd9d0-0b16-4710-87b3-9383c1ec1c25"
  contact: "998 12345767 (SkyHighHoldingsGroupLtd) [efdca012-5d6e-4361-8ec7-f5566615d58a]"
2022-09-03 * "Assets:CurrentAssets:Bank:KpayBank" "Invoice Payment for Invoice #172 #04a05c25-7ec9-4a8f-ab34-7e34c091dd85"
  Assets:CurrentAssets:Bank:KpayBank 34540.00 HKD
  type: "Invoice Payment"
  sourceId: "04a05c25-7ec9-4a8f-ab34-7e34c091dd85"
  referenceNo: "172"
  orderId: "d4ceeb8d-c632-4ed9-bbbd-29e8a04ae297"
  Assets:CurrentAssets:AccountReceivable -34540.00 HKD
  type: "Invoice Payment"
  sourceId: "04a05c25-7ec9-4a8f-ab34-7e34c091dd85"
  referenceNo: "172"
  orderId: "d4ceeb8d-c632-4ed9-bbbd-29e8a04ae297"
  contact: "852 61141399 (MR.YAMTOMMY) [481d6d96-eff6-4fb5-be7c-72e9157ab6ad]"
2022-09-03 * "998 12345821 (KPAY) [5a706f32-7edc-48d8-ae47-62fee1e8bba1]" "Bill Payment for Bill #367 #4d51c419-f35e-4bab-bbd9-b551e7930e63"
  Liabilities:CurrentLiabilities:AccountPayable 519.10 HKD
  contact: "998 12345821 (KPAY) [5a706f32-7edc-48d8-ae47-62fee1e8bba1]"
  type: "Bill Payment"
  sourceId: "4d51c419-f35e-4bab-bbd9-b551e7930e63"
  referenceNo: "367"
  orderId: "c3c57f76-62bf-4606-82d6-bd6ba78dfa6b"
  Assets:CurrentAssets:Bank:KpayBank -519.10 HKD
  type: "Bill Payment"
  sourceId: "4d51c419-f35e-4bab-bbd9-b551e7930e63"
  referenceNo: "367"
  orderId: "c3c57f76-62bf-4606-82d6-bd6ba78dfa6b"
2022-09-04 * "Invoice #67 INV-0115 MR.MA ALAN"
  Income:Sales:SalesItem:SellDiamond -51600.00 HKD
  category: "Natural Diamond"
  sku: "DDFFFFFF0800005223582448"
  qty: 1
  referenceNo: "67"
  orderId: "45706517-bb31-4627-8e16-918cd46ed9aa"
  type: "Invoice Item"
  sourceId: "00d9c5a2-dbb9-43f4-a984-eb2985ac4950"
  Income:Sales:SalesItem:Sell18kJewelry -2500.00 HKD
  category: "Ring Setting"
  sku: "DDFFFFFF0B00000000000139"
  qty: 1
  referenceNo: "67"
  orderId: "45706517-bb31-4627-8e16-918cd46ed9aa"
  type: "Invoice Item"
  sourceId: "cdc8d73c-8fcf-4059-82a2-cbde68013a92"
  Income:Sales:Discount --100.00 HKD
  description: "DISCOUNT (100)"
  qty: 1
  referenceNo: "67"
  orderId: "45706517-bb31-4627-8e16-918cd46ed9aa"
  type: "Invoice Item"
  sourceId: "41110eb6-76b3-44ba-8789-6f5071b71267"
  Assets:CurrentAssets:AccountReceivable
  referenceNo: "67"
  orderId: "45706517-bb31-4627-8e16-918cd46ed9aa"
  type: "Invoice"
  sourceId: "45706517-bb31-4627-8e16-918cd46ed9aa"
  contact: "852 51369676 (MR.MAALAN) [bc78f8f7-0053-47e6-a51c-ec49180781cd]"
2022-09-04 * "Bill #373 kpay030"
  referenceNo: "373"
  orderId: "d1e2f202-0af9-453f-8000-420464e34d96"
  type: "Bill"
  Expenses:GeneralExpense:CardFeeExpense 406.00 HKD
  qty: "1"
  description: "KPAY FEE"
  referenceNo: "373"
  orderId: "d1e2f202-0af9-453f-8000-420464e34d96"
  type: "Bill Item"
  sourceId: "71169cec-253f-4522-8ec5-6ed0ab48ccac"
  Liabilities:CurrentLiabilities:AccountPayable
  referenceNo: "373"
  orderId: "d1e2f202-0af9-453f-8000-420464e34d96"
  type: "Bill"
  sourceId: "d1e2f202-0af9-453f-8000-420464e34d96"
  contact: "998 12345821 (KPAY) [5a706f32-7edc-48d8-ae47-62fee1e8bba1]"
2022-09-04 * "Assets:CurrentAssets:Bank:KpayBank" "Invoice Payment for Invoice #67 #7d681b0a-81dc-49e7-b5cd-b4ddfae49b6c"
  Assets:CurrentAssets:Bank:KpayBank 27000.00 HKD
  type: "Invoice Payment"
  sourceId: "7d681b0a-81dc-49e7-b5cd-b4ddfae49b6c"
  referenceNo: "67"
  orderId: "45706517-bb31-4627-8e16-918cd46ed9aa"
  Assets:CurrentAssets:AccountReceivable -27000.00 HKD
  type: "Invoice Payment"
  sourceId: "7d681b0a-81dc-49e7-b5cd-b4ddfae49b6c"
  referenceNo: "67"
  orderId: "45706517-bb31-4627-8e16-918cd46ed9aa"
  contact: "852 51369676 (MR.MAALAN) [bc78f8f7-0053-47e6-a51c-ec49180781cd]"
2022-09-04 * "998 12345821 (KPAY) [5a706f32-7edc-48d8-ae47-62fee1e8bba1]" "Bill Payment for Bill #373 #9691059a-d68e-44fc-b312-818d01b2905a"
  Liabilities:CurrentLiabilities:AccountPayable 406.00 HKD
  contact: "998 12345821 (KPAY) [5a706f32-7edc-48d8-ae47-62fee1e8bba1]"
  type: "Bill Payment"
  sourceId: "9691059a-d68e-44fc-b312-818d01b2905a"
  referenceNo: "373"
  orderId: "d1e2f202-0af9-453f-8000-420464e34d96"
  Assets:CurrentAssets:Bank:KpayBank -406.00 HKD
  type: "Bill Payment"
  sourceId: "9691059a-d68e-44fc-b312-818d01b2905a"
  referenceNo: "373"
  orderId: "d1e2f202-0af9-453f-8000-420464e34d96"
2022-09-04 * "Bill #341 FACEBK *GY7FWHBZM2"
  referenceNo: "341"
  orderId: "407f6b00-8578-49f6-95ac-35e8c85783ca"
  type: "Bill"
  Expenses:GeneralExpense:AdvertisingAndBranding 7500.00 HKD
  category: "CXL - Admin Expense"
  sku: "other - admin (不記倉存)"
  qty: 1
  referenceNo: "341"
  orderId: "407f6b00-8578-49f6-95ac-35e8c85783ca"
  type: "Bill Item"
  sourceId: "dc93b38e-47b2-4824-bef4-725ae4ed25f7"
  Liabilities:CurrentLiabilities:AccountPayable
  referenceNo: "341"
  orderId: "407f6b00-8578-49f6-95ac-35e8c85783ca"
  type: "Bill"
  sourceId: "407f6b00-8578-49f6-95ac-35e8c85783ca"
  contact: "880 806 () [53b8789a-4451-4a1f-84f7-a9c5da7ada1a]"
2022-09-04 * "Bill #340 FACEBK *GY7FWHBZM2"
  referenceNo: "340"
  orderId: "75161a10-a6d4-4f2a-bb52-24892ee64506"
  type: "Bill"
  Liabilities:CurrentLiabilities:AccountPayable
  referenceNo: "340"
  orderId: "75161a10-a6d4-4f2a-bb52-24892ee64506"
  type: "Bill"
  sourceId: "75161a10-a6d4-4f2a-bb52-24892ee64506"
  contact: "880 806 () [53b8789a-4451-4a1f-84f7-a9c5da7ada1a]"
2022-09-04 * "Bill #342 OVERSEA TRANSACTION FEE"
  referenceNo: "342"
  orderId: "cedf6e3e-1976-4616-9d03-14d471f3fe42"
  type: "Bill"
  Expenses:GeneralExpense:BankFeesExpense 60.00 HKD
  qty: "1"
  description: "OVERSEA TRANSACTION FEE"
  referenceNo: "342"
  orderId: "cedf6e3e-1976-4616-9d03-14d471f3fe42"
  type: "Bill Item"
  sourceId: "de15bbca-f64c-43fa-b27e-454a5bd9286a"
  Liabilities:CurrentLiabilities:AccountPayable
  referenceNo: "342"
  orderId: "cedf6e3e-1976-4616-9d03-14d471f3fe42"
  type: "Bill"
  sourceId: "cedf6e3e-1976-4616-9d03-14d471f3fe42"
  contact: "998 12345835 (boc(bankofchina)) [82f385a7-d238-4826-9a12-e06648f93cdb]"
2022-09-04 * "880 806 () [53b8789a-4451-4a1f-84f7-a9c5da7ada1a]" "Bill Payment for Bill #341 #28e3f172-aa32-4012-afe5-1d4959c95961"
  Liabilities:CurrentLiabilities:AccountPayable 7500.00 HKD
  contact: "880 806 () [53b8789a-4451-4a1f-84f7-a9c5da7ada1a]"
  type: "Bill Payment"
  sourceId: "28e3f172-aa32-4012-afe5-1d4959c95961"
  referenceNo: "341"
  orderId: "407f6b00-8578-49f6-95ac-35e8c85783ca"
  Assets:CurrentAssets:Bank:BocVisaCard-DavidBank -7500.00 HKD
  type: "Bill Payment"
  sourceId: "28e3f172-aa32-4012-afe5-1d4959c95961"
  referenceNo: "341"
  orderId: "407f6b00-8578-49f6-95ac-35e8c85783ca"
2022-09-04 * "998 12345835 (boc(bankofchina)) [82f385a7-d238-4826-9a12-e06648f93cdb]" "Bill Payment for Bill #342 #1701ecdf-326a-4442-a76c-2c2bb0401812"
  Liabilities:CurrentLiabilities:AccountPayable 60.00 HKD
  contact: "998 12345835 (boc(bankofchina)) [82f385a7-d238-4826-9a12-e06648f93cdb]"
  type: "Bill Payment"
  sourceId: "1701ecdf-326a-4442-a76c-2c2bb0401812"
  referenceNo: "342"
  orderId: "cedf6e3e-1976-4616-9d03-14d471f3fe42"
  Assets:CurrentAssets:Bank:BocVisaCard-DavidBank -60.00 HKD
  type: "Bill Payment"
  sourceId: "1701ecdf-326a-4442-a76c-2c2bb0401812"
  referenceNo: "342"
  orderId: "cedf6e3e-1976-4616-9d03-14d471f3fe42"
2022-09-05 * "Invoice #46 INV-0117 MR CHOI FRANCO"
  Income:Sales:SalesItem:SellDiamond -71000.00 HKD
  category: "Natural Diamond"
  sku: "DDFFFFFF0800003435822671"
  qty: 1
  referenceNo: "46"
  orderId: "2e0cde04-912d-458f-8c18-3b9d3c6cdffd"
  type: "Invoice Item"
  sourceId: "e87e693a-5ca4-423d-9a56-9532c2a5b095"
  Income:Sales:SalesItem:Sell18kJewelry -3000.00 HKD
  category: "Ring Setting"
  sku: "DDFFFFFF0B00000000000140"
  qty: 1
  referenceNo: "46"
  orderId: "2e0cde04-912d-458f-8c18-3b9d3c6cdffd"
  type: "Invoice Item"
  sourceId: "361dd156-a1f6-47e2-a8a0-a734f851059e"
  Assets:CurrentAssets:AccountReceivable
  referenceNo: "46"
  orderId: "2e0cde04-912d-458f-8c18-3b9d3c6cdffd"
  type: "Invoice"
  sourceId: "2e0cde04-912d-458f-8c18-3b9d3c6cdffd"
  contact: "852 61331990 (MR.CHOIFRANCO) [7f0906b0-bd8a-4314-9166-792d4d347683]"
2022-09-05 * "Bill #380 kpay031"
  referenceNo: "380"
  orderId: "8494d589-e291-4166-86d7-dc0e19446935"
  type: "Bill"
  Expenses:GeneralExpense:CardFeeExpense 451.00 HKD
  qty: "1"
  description: "KPAY FEE"
  referenceNo: "380"
  orderId: "8494d589-e291-4166-86d7-dc0e19446935"
  type: "Bill Item"
  sourceId: "9e9d79c7-2863-4f78-8cc0-47583cf99ff5"
  Liabilities:CurrentLiabilities:AccountPayable
  referenceNo: "380"
  orderId: "8494d589-e291-4166-86d7-dc0e19446935"
  type: "Bill"
  sourceId: "8494d589-e291-4166-86d7-dc0e19446935"
  contact: "998 12345821 (KPAY) [5a706f32-7edc-48d8-ae47-62fee1e8bba1]"
2022-09-05 * "Bill #308 SI-10290 #117 "
  referenceNo: "308"
  orderId: "e5ebcd16-ef7b-48be-9e48-e4b42e6e2941"
  type: "Bill"
  Expenses:CostOfSales:Purchase:PurchaseItem:Buy18kJewelry 2344.00 HKD
  category: "Ring Setting"
  sku: "DDFFFFFF0B00000000000140"
  qty: 1
  referenceNo: "308"
  orderId: "e5ebcd16-ef7b-48be-9e48-e4b42e6e2941"
  type: "Bill Item"
  sourceId: "3e95f5c9-5e19-4259-bd27-bff61b19b274"
  Liabilities:CurrentLiabilities:AccountPayable
  referenceNo: "308"
  orderId: "e5ebcd16-ef7b-48be-9e48-e4b42e6e2941"
  type: "Bill"
  sourceId: "e5ebcd16-ef7b-48be-9e48-e4b42e6e2941"
  contact: "998 12345767 (SkyHighHoldingsGroupLtd) [efdca012-5d6e-4361-8ec7-f5566615d58a]"
2022-09-05 * "Assets:CurrentAssets:Bank:KpayBank" "Invoice Payment for Invoice #46 #952d8b2a-1d20-4b23-8842-c76af54c583a"
  Assets:CurrentAssets:Bank:KpayBank 30000.00 HKD
  type: "Invoice Payment"
  sourceId: "952d8b2a-1d20-4b23-8842-c76af54c583a"
  referenceNo: "46"
  orderId: "2e0cde04-912d-458f-8c18-3b9d3c6cdffd"
  Assets:CurrentAssets:AccountReceivable -30000.00 HKD
  type: "Invoice Payment"
  sourceId: "952d8b2a-1d20-4b23-8842-c76af54c583a"
  referenceNo: "46"
  orderId: "2e0cde04-912d-458f-8c18-3b9d3c6cdffd"
  contact: "852 61331990 (MR.CHOIFRANCO) [7f0906b0-bd8a-4314-9166-792d4d347683]"
2022-09-05 * "998 12345821 (KPAY) [5a706f32-7edc-48d8-ae47-62fee1e8bba1]" "Bill Payment for Bill #380 #895e23f0-6fa5-4047-9214-951a8d8a713e"
  Liabilities:CurrentLiabilities:AccountPayable 451.00 HKD
  contact: "998 12345821 (KPAY) [5a706f32-7edc-48d8-ae47-62fee1e8bba1]"
  type: "Bill Payment"
  sourceId: "895e23f0-6fa5-4047-9214-951a8d8a713e"
  referenceNo: "380"
  orderId: "8494d589-e291-4166-86d7-dc0e19446935"
  Assets:CurrentAssets:Bank:KpayBank -451.00 HKD
  type: "Bill Payment"
  sourceId: "895e23f0-6fa5-4047-9214-951a8d8a713e"
  referenceNo: "380"
  orderId: "8494d589-e291-4166-86d7-dc0e19446935"
2022-09-06 * "Bill #257 BANK FEE"
  referenceNo: "257"
  orderId: "18137244-fb95-4856-8b64-00d4f84c8907"
  type: "Bill"
  Expenses:GeneralExpense:BankFeesExpense 55.00 HKD
  qty: "1"
  description: "BANK FEE"
  referenceNo: "257"
  orderId: "18137244-fb95-4856-8b64-00d4f84c8907"
  type: "Bill Item"
  sourceId: "05ff8944-2ca3-4ad6-9b27-0b4cb3d2cd28"
  Liabilities:CurrentLiabilities:AccountPayable
  referenceNo: "257"
  orderId: "18137244-fb95-4856-8b64-00d4f84c8907"
  type: "Bill"
  sourceId: "18137244-fb95-4856-8b64-00d4f84c8907"
  contact: "880 806 () [53b8789a-4451-4a1f-84f7-a9c5da7ada1a]"
2022-09-06 * "Bill #258 NO.0159 NEW GIA STOCK PURCHASES"
  referenceNo: "258"
  orderId: "72b3183a-8354-4e70-a61f-9e30f2a7867a"
  type: "Bill"
  Expenses:CostOfSales:Purchase:PurchaseItem:BuyDiamond 71001.08 HKD
  category: "Natural Diamond"
  sku: "DDFFFFFF0800006425359619"
  qty: 1
  referenceNo: "258"
  orderId: "72b3183a-8354-4e70-a61f-9e30f2a7867a"
  type: "Bill Item"
  sourceId: "5023c1a1-a1cb-46a1-8068-e44dc7a95c96"
  Liabilities:CurrentLiabilities:AccountPayable
  referenceNo: "258"
  orderId: "72b3183a-8354-4e70-a61f-9e30f2a7867a"
  type: "Bill"
  sourceId: "72b3183a-8354-4e70-a61f-9e30f2a7867a"
  contact: "998 12345716 (HDL-HRISHIDIAMLTD.) [65487079-78f7-426a-a840-aa15185d2526]"
2022-09-06 * "Bill #410 #0117 GIA PURCHASE, NO.LS216222-23"
  referenceNo: "410"
  orderId: "5fb59ab1-f89c-45ae-a637-477c34f4f236"
  type: "Bill"
  Expenses:CostOfSales:Purchase:PurchaseItem:BuyDiamond 65322.66 HKD
  category: "Natural Diamond"
  sku: "DDFFFFFF0800003435822671"
  qty: 1
  referenceNo: "410"
  orderId: "5fb59ab1-f89c-45ae-a637-477c34f4f236"
  type: "Bill Item"
  sourceId: "1a5e633b-db45-48cb-941f-7b823a73c42b"
  Liabilities:CurrentLiabilities:AccountPayable
  referenceNo: "410"
  orderId: "5fb59ab1-f89c-45ae-a637-477c34f4f236"
  type: "Bill"
  sourceId: "5fb59ab1-f89c-45ae-a637-477c34f4f236"
  contact: "998 12345715 (H.K.IMPEXPVT.LTD.) [7c8590e3-d40d-4e75-b083-cf41a9d75755]"
2022-09-06 * "998 12345716 (HDL-HRISHIDIAMLTD.) [65487079-78f7-426a-a840-aa15185d2526]" "Bill Payment for Bill #258 #319e1561-f263-4bda-ae06-f658d41c2dea"
  Liabilities:CurrentLiabilities:AccountPayable 71001.08 HKD
  contact: "998 12345716 (HDL-HRISHIDIAMLTD.) [65487079-78f7-426a-a840-aa15185d2526]"
  type: "Bill Payment"
  sourceId: "319e1561-f263-4bda-ae06-f658d41c2dea"
  referenceNo: "258"
  orderId: "72b3183a-8354-4e70-a61f-9e30f2a7867a"
  Assets:CurrentAssets:Bank:BocSavingBank -71001.08 HKD
  type: "Bill Payment"
  sourceId: "319e1561-f263-4bda-ae06-f658d41c2dea"
  referenceNo: "258"
  orderId: "72b3183a-8354-4e70-a61f-9e30f2a7867a"
2022-09-06 * "880 806 () [53b8789a-4451-4a1f-84f7-a9c5da7ada1a]" "Bill Payment for Bill #257 #59a6b44c-5d16-4107-b810-6ecbbe5fc1eb"
  Liabilities:CurrentLiabilities:AccountPayable 55.00 HKD
  contact: "880 806 () [53b8789a-4451-4a1f-84f7-a9c5da7ada1a]"
  type: "Bill Payment"
  sourceId: "59a6b44c-5d16-4107-b810-6ecbbe5fc1eb"
  referenceNo: "257"
  orderId: "18137244-fb95-4856-8b64-00d4f84c8907"
  Assets:CurrentAssets:Bank:BocSavingBank -55.00 HKD
  type: "Bill Payment"
  sourceId: "59a6b44c-5d16-4107-b810-6ecbbe5fc1eb"
  referenceNo: "257"
  orderId: "18137244-fb95-4856-8b64-00d4f84c8907"
2022-09-06 * "998 12345715 (H.K.IMPEXPVT.LTD.) [7c8590e3-d40d-4e75-b083-cf41a9d75755]" "Bill Payment for Bill #410 #8a33f1dc-23f0-4f62-884d-ce98b287257a"
  Liabilities:CurrentLiabilities:AccountPayable 65322.66 HKD
  contact: "998 12345715 (H.K.IMPEXPVT.LTD.) [7c8590e3-d40d-4e75-b083-cf41a9d75755]"
  type: "Bill Payment"
  sourceId: "8a33f1dc-23f0-4f62-884d-ce98b287257a"
  referenceNo: "410"
  orderId: "5fb59ab1-f89c-45ae-a637-477c34f4f236"
  Assets:CurrentAssets:Bank:BocSavingBank -65322.66 HKD
  type: "Bill Payment"
  sourceId: "8a33f1dc-23f0-4f62-884d-ce98b287257a"
  referenceNo: "410"
  orderId: "5fb59ab1-f89c-45ae-a637-477c34f4f236"
2022-09-07 * "Invoice #186 INV-0118 MR.LO GROVER"
  Income:Sales:SalesItem:Sell18kJewelry -2500.00 HKD
  category: "Ring Setting"
  sku: "DDFFFFFF0B00000000000141"
  qty: 1
  referenceNo: "186"
  orderId: "1785e5f2-21cb-4ac2-a4ce-a3bb4cccf588"
  type: "Invoice Item"
  sourceId: "5b13fdb4-8933-4b8d-bcf9-bb580ec91a7a"
  Income:Sales:Discount --800.00 HKD
  description: "DISCOUNT (800)"
  qty: 1
  referenceNo: "186"
  orderId: "1785e5f2-21cb-4ac2-a4ce-a3bb4cccf588"
  type: "Invoice Item"
  sourceId: "89b5ad94-2227-499b-be41-654f735d5c5f"
  Income:Sales:SalesItem:SellDiamond -55800.00 HKD
  category: "Natural Diamond"
  sku: "DDFFFFFF0800005426784017"
  qty: 1
  referenceNo: "186"
  orderId: "1785e5f2-21cb-4ac2-a4ce-a3bb4cccf588"
  type: "Invoice Item"
  sourceId: "f2599b72-ea09-4c61-9e9c-f608e66f51c8"
  Assets:CurrentAssets:AccountReceivable
  referenceNo: "186"
  orderId: "1785e5f2-21cb-4ac2-a4ce-a3bb4cccf588"
  type: "Invoice"
  sourceId: "1785e5f2-21cb-4ac2-a4ce-a3bb4cccf588"
  contact: "852 63429784 (MR.LOGROVER) [a3568005-3936-4f47-a164-f7f753dee565]"
2022-09-07 * "Bill #155 SI-10284 #118"
  referenceNo: "155"
  orderId: "d3ae6f01-4d4f-4486-8444-a3b5fb3e04ef"
  type: "Bill"
  Expenses:CostOfSales:Purchase:PurchaseItem:Buy18kJewelry 2164.00 HKD
  category: "Ring Setting"
  sku: "DDFFFFFF0B00000000000141"
  qty: 1
  referenceNo: "155"
  orderId: "d3ae6f01-4d4f-4486-8444-a3b5fb3e04ef"
  type: "Bill Item"
  sourceId: "5f53219a-7df5-4555-8553-7926f5ba54b0"
  Liabilities:CurrentLiabilities:AccountPayable
  referenceNo: "155"
  orderId: "d3ae6f01-4d4f-4486-8444-a3b5fb3e04ef"
  type: "Bill"
  sourceId: "d3ae6f01-4d4f-4486-8444-a3b5fb3e04ef"
  contact: "998 12345767 (SkyHighHoldingsGroupLtd) [efdca012-5d6e-4361-8ec7-f5566615d58a]"
2022-09-07 * "Assets:CurrentAssets:Bank:BocSavingBank" "Invoice Payment for Invoice #186 #ee17c2c2-ab2b-4a59-9bff-5d60e513ea0a"
  Assets:CurrentAssets:Bank:BocSavingBank 28000.00 HKD
  type: "Invoice Payment"
  sourceId: "ee17c2c2-ab2b-4a59-9bff-5d60e513ea0a"
  referenceNo: "186"
  orderId: "1785e5f2-21cb-4ac2-a4ce-a3bb4cccf588"
  Assets:CurrentAssets:AccountReceivable -28000.00 HKD
  type: "Invoice Payment"
  sourceId: "ee17c2c2-ab2b-4a59-9bff-5d60e513ea0a"
  referenceNo: "186"
  orderId: "1785e5f2-21cb-4ac2-a4ce-a3bb4cccf588"
  contact: "852 63429784 (MR.LOGROVER) [a3568005-3936-4f47-a164-f7f753dee565]"
2022-09-08 * "Bill #263 EX00077 CHING AH PRINTING $10500"
  referenceNo: "263"
  orderId: "b075c202-4d70-415f-ba5d-837df0dd5cbe"
  type: "Bill"
  Expenses:GeneralExpense:Packing 10500.00 HKD
  qty: "1"
  description: "CHING AH PRINTING $10500"
  referenceNo: "263"
  orderId: "b075c202-4d70-415f-ba5d-837df0dd5cbe"
  type: "Bill Item"
  sourceId: "0307d0d7-f282-454f-ad60-319e5a476073"
  Liabilities:CurrentLiabilities:AccountPayable
  referenceNo: "263"
  orderId: "b075c202-4d70-415f-ba5d-837df0dd5cbe"
  type: "Bill"
  sourceId: "b075c202-4d70-415f-ba5d-837df0dd5cbe"
  contact: "880 806 () [53b8789a-4451-4a1f-84f7-a9c5da7ada1a]"
2022-09-08 * "Bill #260 EX00078"
  referenceNo: "260"
  orderId: "d977b7d6-a15c-4df0-9677-e4caa10e3fea"
  type: "Bill"
  Expenses:GeneralExpense:Subscriptions 6523.82 HKD
  qty: "1"
  description: "RAPAPORT USD 829"
  referenceNo: "260"
  orderId: "d977b7d6-a15c-4df0-9677-e4caa10e3fea"
  type: "Bill Item"
  sourceId: "da07395b-8194-4a9d-885b-e47f99b4ac6c"
  Liabilities:CurrentLiabilities:AccountPayable
  referenceNo: "260"
  orderId: "d977b7d6-a15c-4df0-9677-e4caa10e3fea"
  type: "Bill"
  sourceId: "d977b7d6-a15c-4df0-9677-e4caa10e3fea"
  contact: "880 806 () [53b8789a-4451-4a1f-84f7-a9c5da7ada1a]"
2022-09-08 * "Bill #259 BANK FEE"
  referenceNo: "259"
  orderId: "3573d215-25c7-49b9-838e-faa7c744272b"
  type: "Bill"
  Expenses:GeneralExpense:BankFeesExpense 55.00 HKD
  qty: "1"
  description: "BANK FEE"
  referenceNo: "259"
  orderId: "3573d215-25c7-49b9-838e-faa7c744272b"
  type: "Bill Item"
  sourceId: "64d39320-6551-4eec-8ff9-ae2b6be776e6"
  Liabilities:CurrentLiabilities:AccountPayable
  referenceNo: "259"
  orderId: "3573d215-25c7-49b9-838e-faa7c744272b"
  type: "Bill"
  sourceId: "3573d215-25c7-49b9-838e-faa7c744272b"
  contact: "880 806 () [53b8789a-4451-4a1f-84f7-a9c5da7ada1a]"
2022-09-08 * "Bill #402 EX96 95 MKII Match9月報銷"
  referenceNo: "402"
  orderId: "4a9ffb1f-6e25-481a-9c27-b4949e47f2e9"
  type: "Bill"
  Expenses:GeneralExpense:Packing 2150.00 HKD
  qty: "1"
  description: "MKII 信封袋"
  referenceNo: "402"
  orderId: "4a9ffb1f-6e25-481a-9c27-b4949e47f2e9"
  type: "Bill Item"
  sourceId: "30758966-2ebd-4dad-b64b-c07f598352f0"
  Expenses:GeneralExpense:Packing 25.00 HKD
  qty: "1"
  description: "MKII 淘寶運費"
  referenceNo: "402"
  orderId: "4a9ffb1f-6e25-481a-9c27-b4949e47f2e9"
  type: "Bill Item"
  sourceId: "00d3f290-2de1-46f5-bcfe-7c70c16c7f37"
  Expenses:GeneralExpense:AdvertisingAndBranding 367.00 HKD
  qty: "1"
  description: "DKK 卡片 e-print"
  referenceNo: "402"
  orderId: "4a9ffb1f-6e25-481a-9c27-b4949e47f2e9"
  type: "Bill Item"
  sourceId: "61b7206d-b90d-4c88-9bc2-0e7a53c4b442"
  Expenses:GeneralExpense:AdvertisingAndBranding 297.00 HKD
  qty: "1"
  description: "EX00093 Milrich卡片 e-print"
  referenceNo: "402"
  orderId: "4a9ffb1f-6e25-481a-9c27-b4949e47f2e9"
  type: "Bill Item"
  sourceId: "9dc9fd56-2388-4504-a8ef-979ca474a42d"
  Expenses:GeneralExpense:Packing 1660.00 HKD
  qty: "1"
  description: "MKII卡片 e-print"
  referenceNo: "402"
  orderId: "4a9ffb1f-6e25-481a-9c27-b4949e47f2e9"
  type: "Bill Item"
  sourceId: "cd87c823-b681-46fc-946b-3309d2c44d57"
  Expenses:GeneralExpense:Packing 3600.00 HKD
  qty: "1"
  description: "MKII 信封袋"
  referenceNo: "402"
  orderId: "4a9ffb1f-6e25-481a-9c27-b4949e47f2e9"
  type: "Bill Item"
  sourceId: "e9b9da00-c0ff-454f-b54a-c308b0ace674"
  Liabilities:CurrentLiabilities:AccountPayable
  referenceNo: "402"
  orderId: "4a9ffb1f-6e25-481a-9c27-b4949e47f2e9"
  type: "Bill"
  sourceId: "4a9ffb1f-6e25-481a-9c27-b4949e47f2e9"
  contact: "880 806 () [53b8789a-4451-4a1f-84f7-a9c5da7ada1a]"
2022-09-08 * "880 806 () [53b8789a-4451-4a1f-84f7-a9c5da7ada1a]" "Bill Payment for Bill #263 #95704538-cef9-4c9c-9e97-08f49bdb6023"
  Liabilities:CurrentLiabilities:AccountPayable 10500.00 HKD
  contact: "880 806 () [53b8789a-4451-4a1f-84f7-a9c5da7ada1a]"
  type: "Bill Payment"
  sourceId: "95704538-cef9-4c9c-9e97-08f49bdb6023"
  referenceNo: "263"
  orderId: "b075c202-4d70-415f-ba5d-837df0dd5cbe"
  Assets:CurrentAssets:Bank:BocSavingBank -10500.00 HKD
  type: "Bill Payment"
  sourceId: "95704538-cef9-4c9c-9e97-08f49bdb6023"
  referenceNo: "263"
  orderId: "b075c202-4d70-415f-ba5d-837df0dd5cbe"
2022-09-08 * "880 806 () [53b8789a-4451-4a1f-84f7-a9c5da7ada1a]" "Bill Payment for Bill #259 #55db8aa1-c52b-4b0f-b590-49242f3d412a"
  Liabilities:CurrentLiabilities:AccountPayable 55.00 HKD
  contact: "880 806 () [53b8789a-4451-4a1f-84f7-a9c5da7ada1a]"
  type: "Bill Payment"
  sourceId: "55db8aa1-c52b-4b0f-b590-49242f3d412a"
  referenceNo: "259"
  orderId: "3573d215-25c7-49b9-838e-faa7c744272b"
  Assets:CurrentAssets:Bank:BocSavingBank -55.00 HKD
  type: "Bill Payment"
  sourceId: "55db8aa1-c52b-4b0f-b590-49242f3d412a"
  referenceNo: "259"
  orderId: "3573d215-25c7-49b9-838e-faa7c744272b"
2022-09-08 * "880 806 () [53b8789a-4451-4a1f-84f7-a9c5da7ada1a]" "Bill Payment for Bill #260 #112de5dc-6173-4cb8-a737-85cddc6f9856"
  Liabilities:CurrentLiabilities:AccountPayable 6523.82 HKD
  contact: "880 806 () [53b8789a-4451-4a1f-84f7-a9c5da7ada1a]"
  type: "Bill Payment"
  sourceId: "112de5dc-6173-4cb8-a737-85cddc6f9856"
  referenceNo: "260"
  orderId: "d977b7d6-a15c-4df0-9677-e4caa10e3fea"
  Assets:CurrentAssets:Bank:BocSavingBank -6523.82 HKD
  type: "Bill Payment"
  sourceId: "112de5dc-6173-4cb8-a737-85cddc6f9856"
  referenceNo: "260"
  orderId: "d977b7d6-a15c-4df0-9677-e4caa10e3fea"
2022-09-09 * "Invoice #53 INV-0120 MR. YAU FOR"
  Income:Sales:SalesItem:Sell18kJewelry -3500.00 HKD
  category: "Jewelry"
  sku: "DDFFFFFF0400000000000024"
  qty: 1
  referenceNo: "53"
  orderId: "6615466b-73e2-42f3-9581-b79d33ac9bb0"
  type: "Invoice Item"
  sourceId: "0dc39066-39f1-4164-a64d-f131a69ad2a2"
  Income:Sales:Discount --500.00 HKD
  description: "CASH DISCOUNT"
  qty: 1
  referenceNo: "53"
  orderId: "6615466b-73e2-42f3-9581-b79d33ac9bb0"
  type: "Invoice Item"
  sourceId: "368bcd98-ca51-4af9-aa07-f9d502532efe"
  Assets:CurrentAssets:AccountReceivable
  referenceNo: "53"
  orderId: "6615466b-73e2-42f3-9581-b79d33ac9bb0"
  type: "Invoice"
  sourceId: "6615466b-73e2-42f3-9581-b79d33ac9bb0"
  contact: "852 52817863 (MR.YAUFOR) [64a58f51-df31-420b-bebd-4257cc671da5]"
2022-09-09 * "Invoice #62 INV-0119 MR.CHEUNG KUEN"
  Income:Sales:SalesItem:SellBespokeorotherFee -1400.00 HKD
  category: "Jewelry"
  sku: "DDFFFFFF0600000000000035"
  qty: 1
  referenceNo: "62"
  orderId: "cbcf2f27-c410-495c-b843-e9d70d1b5111"
  type: "Invoice Item"
  sourceId: "1b451b52-907b-4d98-8373-0fce7d69eec0"
  Income:Sales:SalesItem:SellDiamond -13800.00 HKD
  category: "Natural Diamond"
  sku: "DDFFFFFF0800001429729617"
  qty: 1
  referenceNo: "62"
  orderId: "cbcf2f27-c410-495c-b843-e9d70d1b5111"
  type: "Invoice Item"
  sourceId: "8e1fd9b0-ab78-4020-bfc7-e79ab89a49c5"
  Income:Sales:Discount --400.00 HKD
  description: "CASH PAYMENT DISCOUNT"
  qty: 1
  referenceNo: "62"
  orderId: "cbcf2f27-c410-495c-b843-e9d70d1b5111"
  type: "Invoice Item"
  sourceId: "ae577da1-a8ba-4972-918c-d04b68716209"
  Assets:CurrentAssets:AccountReceivable
  referenceNo: "62"
  orderId: "cbcf2f27-c410-495c-b843-e9d70d1b5111"
  type: "Invoice"
  sourceId: "cbcf2f27-c410-495c-b843-e9d70d1b5111"
  contact: "852 60373272 (MR.CHEUNGKUEN) [07d7b3b0-ac99-40ed-84d8-2056df49c88f]"
2022-09-09 * "Assets:CurrentAssets:Cash:CashInHand" "Invoice Payment for Invoice #62 #9d0ac2e6-4890-4f2d-b42d-fcea6aae82f0"
  Assets:CurrentAssets:Cash:CashInHand 7400.00 HKD
  type: "Invoice Payment"
  sourceId: "9d0ac2e6-4890-4f2d-b42d-fcea6aae82f0"
  referenceNo: "62"
  orderId: "cbcf2f27-c410-495c-b843-e9d70d1b5111"
  Assets:CurrentAssets:AccountReceivable -7400.00 HKD
  type: "Invoice Payment"
  sourceId: "9d0ac2e6-4890-4f2d-b42d-fcea6aae82f0"
  referenceNo: "62"
  orderId: "cbcf2f27-c410-495c-b843-e9d70d1b5111"
  contact: "852 60373272 (MR.CHEUNGKUEN) [07d7b3b0-ac99-40ed-84d8-2056df49c88f]"
2022-09-09 * "Assets:CurrentAssets:Bank:BocSavingBank" "Invoice Payment for Invoice #53 #86808fb9-226d-4678-b6c4-c5317245f87d"
  Assets:CurrentAssets:Bank:BocSavingBank 3000.00 HKD
  type: "Invoice Payment"
  sourceId: "86808fb9-226d-4678-b6c4-c5317245f87d"
  referenceNo: "53"
  orderId: "6615466b-73e2-42f3-9581-b79d33ac9bb0"
  Assets:CurrentAssets:AccountReceivable -3000.00 HKD
  type: "Invoice Payment"
  sourceId: "86808fb9-226d-4678-b6c4-c5317245f87d"
  referenceNo: "53"
  orderId: "6615466b-73e2-42f3-9581-b79d33ac9bb0"
  contact: "852 52817863 (MR.YAUFOR) [64a58f51-df31-420b-bebd-4257cc671da5]"
2022-09-10 * "Bill #251 kpay032"
  referenceNo: "251"
  orderId: "694633c9-635f-4859-9771-8e7d662815ad"
  type: "Bill"
  Expenses:GeneralExpense:CardFeeExpense 519.10 HKD
  qty: "1"
  description: "KPAY FEE 1"
  referenceNo: "251"
  orderId: "694633c9-635f-4859-9771-8e7d662815ad"
  type: "Bill Item"
  sourceId: "671fdbcd-5fdf-499a-a56b-ef0e9dbe8e55"
  Liabilities:CurrentLiabilities:AccountPayable
  referenceNo: "251"
  orderId: "694633c9-635f-4859-9771-8e7d662815ad"
  type: "Bill"
  sourceId: "694633c9-635f-4859-9771-8e7d662815ad"
  contact: "998 12345821 (KPAY) [5a706f32-7edc-48d8-ae47-62fee1e8bba1]"
2022-09-10 * "Assets:CurrentAssets:Bank:KpayBank" "Invoice Payment for Invoice #172 #709f178e-5fd3-4e0a-aed5-4e82856618ce"
  Assets:CurrentAssets:Bank:KpayBank 34540.00 HKD
  type: "Invoice Payment"
  sourceId: "709f178e-5fd3-4e0a-aed5-4e82856618ce"
  referenceNo: "172"
  orderId: "d4ceeb8d-c632-4ed9-bbbd-29e8a04ae297"
  Assets:CurrentAssets:AccountReceivable -34540.00 HKD
  type: "Invoice Payment"
  sourceId: "709f178e-5fd3-4e0a-aed5-4e82856618ce"
  referenceNo: "172"
  orderId: "d4ceeb8d-c632-4ed9-bbbd-29e8a04ae297"
  contact: "852 61141399 (MR.YAMTOMMY) [481d6d96-eff6-4fb5-be7c-72e9157ab6ad]"
2022-09-10 * "998 12345821 (KPAY) [5a706f32-7edc-48d8-ae47-62fee1e8bba1]" "Bill Payment for Bill #251 #4e8bcc9d-8e67-43a5-9c39-e3d3d3385d8d"
  Liabilities:CurrentLiabilities:AccountPayable 519.10 HKD
  contact: "998 12345821 (KPAY) [5a706f32-7edc-48d8-ae47-62fee1e8bba1]"
  type: "Bill Payment"
  sourceId: "4e8bcc9d-8e67-43a5-9c39-e3d3d3385d8d"
  referenceNo: "251"
  orderId: "694633c9-635f-4859-9771-8e7d662815ad"
  Assets:CurrentAssets:Bank:KpayBank -519.10 HKD
  type: "Bill Payment"
  sourceId: "4e8bcc9d-8e67-43a5-9c39-e3d3d3385d8d"
  referenceNo: "251"
  orderId: "694633c9-635f-4859-9771-8e7d662815ad"
2022-09-11 * "Assets:CurrentAssets:Cash:CashInHand" "Invoice Payment for Invoice #178 #06feda23-70b8-45d2-b69d-6a1f3806b9d3"
  Assets:CurrentAssets:Cash:CashInHand 32650.00 HKD
  type: "Invoice Payment"
  sourceId: "06feda23-70b8-45d2-b69d-6a1f3806b9d3"
  referenceNo: "178"
  orderId: "1c9574c8-2a37-4afc-9251-9ea37a01e43e"
  Assets:CurrentAssets:AccountReceivable -32650.00 HKD
  type: "Invoice Payment"
  sourceId: "06feda23-70b8-45d2-b69d-6a1f3806b9d3"
  referenceNo: "178"
  orderId: "1c9574c8-2a37-4afc-9251-9ea37a01e43e"
  contact: "852 65776164 (MR.KWOK) [922408cd-dda6-40c4-9ba6-f03cfe01834e]"
2022-09-12 * "Bill #613 SI-10279 #121, 122 (BSPE03)"
  referenceNo: "613"
  orderId: "afec1d31-d5d4-46fc-b27a-386c5aa9e0f6"
  type: "Bill"
  Expenses:CostOfSales:Purchase:PurchaseItem:BuyBespoke 1463.00 HKD
  category: "Jewelry"
  sku: "DDFFFFFF0600000000000036"
  qty: 1
  referenceNo: "613"
  orderId: "afec1d31-d5d4-46fc-b27a-386c5aa9e0f6"
  type: "Bill Item"
  sourceId: "67ca26af-8322-48a1-8fb0-59321cce8315"
  Expenses:CostOfSales:Purchase:PurchaseItem:BuyCost-ProcessingFee 300.00 HKD
  category: "Other"
  sku: "Processing 011"
  qty: 1
  referenceNo: "613"
  orderId: "afec1d31-d5d4-46fc-b27a-386c5aa9e0f6"
  type: "Bill Item"
  sourceId: "73bd83b3-65f5-43fd-8a03-8214984e5b0d"
  Liabilities:CurrentLiabilities:AccountPayable
  referenceNo: "613"
  orderId: "afec1d31-d5d4-46fc-b27a-386c5aa9e0f6"
  type: "Bill"
  sourceId: "afec1d31-d5d4-46fc-b27a-386c5aa9e0f6"
  contact: "998 12345767 (SkyHighHoldingsGroupLtd) [efdca012-5d6e-4361-8ec7-f5566615d58a]"
2022-09-12 * "Bill #388 FACEBK *MJCTNHPZM2"
  referenceNo: "388"
  orderId: "3107edba-301c-4093-9826-8eb6fe189265"
  type: "Bill"
  Expenses:GeneralExpense:AdvertisingAndBranding 7500.00 HKD
  qty: "1"
  description: "FACEBK *MJCTNHPZM2"
  referenceNo: "388"
  orderId: "3107edba-301c-4093-9826-8eb6fe189265"
  type: "Bill Item"
  sourceId: "295304b3-cfbd-4afc-af32-d702cc177df0"
  Liabilities:CurrentLiabilities:AccountPayable
  referenceNo: "388"
  orderId: "3107edba-301c-4093-9826-8eb6fe189265"
  type: "Bill"
  sourceId: "3107edba-301c-4093-9826-8eb6fe189265"
  contact: "880 806 () [53b8789a-4451-4a1f-84f7-a9c5da7ada1a]"
2022-09-12 * "Bill #399 OVERSEA TRANSACTION FEE"
  referenceNo: "399"
  orderId: "f85c5181-d347-4889-aec0-d48ba124fe64"
  type: "Bill"
  Expenses:GeneralExpense:BankFeesExpense 60.00 HKD
  qty: "1"
  description: "OVERSEA TRANSACTION FEE"
  referenceNo: "399"
  orderId: "f85c5181-d347-4889-aec0-d48ba124fe64"
  type: "Bill Item"
  sourceId: "94e7a0b3-b291-4ae2-9678-9da6c8109be1"
  Liabilities:CurrentLiabilities:AccountPayable
  referenceNo: "399"
  orderId: "f85c5181-d347-4889-aec0-d48ba124fe64"
  type: "Bill"
  sourceId: "f85c5181-d347-4889-aec0-d48ba124fe64"
  contact: "998 12345835 (boc(bankofchina)) [82f385a7-d238-4826-9a12-e06648f93cdb]"
2022-09-12 * "880 806 () [53b8789a-4451-4a1f-84f7-a9c5da7ada1a]" "Bill Payment for Bill #388 #129cc62e-4cdd-4a8c-9bdc-23129779cd03"
  Liabilities:CurrentLiabilities:AccountPayable 7500.00 HKD
  contact: "880 806 () [53b8789a-4451-4a1f-84f7-a9c5da7ada1a]"
  type: "Bill Payment"
  sourceId: "129cc62e-4cdd-4a8c-9bdc-23129779cd03"
  referenceNo: "388"
  orderId: "3107edba-301c-4093-9826-8eb6fe189265"
  Assets:CurrentAssets:Bank:BocVisaCard-DavidBank -7500.00 HKD
  type: "Bill Payment"
  sourceId: "129cc62e-4cdd-4a8c-9bdc-23129779cd03"
  referenceNo: "388"
  orderId: "3107edba-301c-4093-9826-8eb6fe189265"
2022-09-12 * "998 12345835 (boc(bankofchina)) [82f385a7-d238-4826-9a12-e06648f93cdb]" "Bill Payment for Bill #399 #b8dae4fb-364d-4c4b-8c19-059c82e3fb06"
  Liabilities:CurrentLiabilities:AccountPayable 60.00 HKD
  contact: "998 12345835 (boc(bankofchina)) [82f385a7-d238-4826-9a12-e06648f93cdb]"
  type: "Bill Payment"
  sourceId: "b8dae4fb-364d-4c4b-8c19-059c82e3fb06"
  referenceNo: "399"
  orderId: "f85c5181-d347-4889-aec0-d48ba124fe64"
  Assets:CurrentAssets:Bank:BocVisaCard-DavidBank -60.00 HKD
  type: "Bill Payment"
  sourceId: "b8dae4fb-364d-4c4b-8c19-059c82e3fb06"
  referenceNo: "399"
  orderId: "f85c5181-d347-4889-aec0-d48ba124fe64"
2022-09-13 * "Invoice #156 INV-0122"
  Income:Sales:SalesItem:SellBespokeorotherFee -2600.00 HKD
  category: "Jewelry"
  sku: "DDFFFFFF0600000000000036"
  qty: 1
  referenceNo: "156"
  orderId: "e3699677-5155-4057-bcc4-8169b2d9f19c"
  type: "Invoice Item"
  sourceId: "b078cb52-eedf-4db6-aff8-d37709aa9d80"
  Income:Sales:SalesItem:SellBespokeorotherFee -3300.00 HKD
  category: "Natural Diamond"
  sku: "DDFFFFFF0800002438966056"
  qty: 1
  referenceNo: "156"
  orderId: "e3699677-5155-4057-bcc4-8169b2d9f19c"
  type: "Invoice Item"
  sourceId: "3ae5d52c-2d6a-4f7f-b750-52a51ac9b15a"
  Income:Sales:SalesItem:SellBespokeorotherFee -3600.00 HKD
  category: "Natural Diamond"
  sku: "DDFFFFFF0800007398581205"
  qty: 1
  referenceNo: "156"
  orderId: "e3699677-5155-4057-bcc4-8169b2d9f19c"
  type: "Invoice Item"
  sourceId: "b818193f-7ba0-41da-a12d-2e30eb73297d"
  Assets:CurrentAssets:AccountReceivable
  referenceNo: "156"
  orderId: "e3699677-5155-4057-bcc4-8169b2d9f19c"
  type: "Invoice"
  sourceId: "e3699677-5155-4057-bcc4-8169b2d9f19c"
  contact: "852 93616180 (MR.WONGFATSHING) [2503033a-fce0-4c8e-a8c1-fa02db11cdd6]"
2022-09-13 * "Bill #144 EX00079"
  referenceNo: "144"
  orderId: "eb283dc2-5ebc-4e46-9682-fc26b905fd04"
  type: "Bill"
  Expenses:GeneralExpense:BankFeesExpense 251.28 HKD
  qty: "1"
  description: "EPS 8月手續費"
  referenceNo: "144"
  orderId: "eb283dc2-5ebc-4e46-9682-fc26b905fd04"
  type: "Bill Item"
  sourceId: "212c90d5-51d9-4c92-abb2-a0a61b68b5e3"
  Liabilities:CurrentLiabilities:AccountPayable
  referenceNo: "144"
  orderId: "eb283dc2-5ebc-4e46-9682-fc26b905fd04"
  type: "Bill"
  sourceId: "eb283dc2-5ebc-4e46-9682-fc26b905fd04"
  contact: "880 806 () [53b8789a-4451-4a1f-84f7-a9c5da7ada1a]"
2022-09-13 * "Bill #768 WooCommerce Hqin Refund"
  referenceNo: "768"
  orderId: "95b25afc-3b03-4294-bc0c-ff365b0accf0"
  type: "Bill"
  Expenses:GeneralExpense:AdvertisingAndBranding -10.83 HKD
  qty: "1"
  description: "WooCommerce Hqin Refund"
  referenceNo: "768"
  orderId: "95b25afc-3b03-4294-bc0c-ff365b0accf0"
  type: "Bill Item"
  sourceId: "eac855ee-909f-48e3-99f5-40d7d14c0c74"
  Liabilities:CurrentLiabilities:AccountPayable
  referenceNo: "768"
  orderId: "95b25afc-3b03-4294-bc0c-ff365b0accf0"
  type: "Bill"
  sourceId: "95b25afc-3b03-4294-bc0c-ff365b0accf0"
  contact: "880 806 () [53b8789a-4451-4a1f-84f7-a9c5da7ada1a]"
2022-09-13 * "Bill #142 NO.112144 #119 GIA PURCHASE"
  referenceNo: "142"
  orderId: "3d810303-3d66-4d84-a467-4dbef2902180"
  type: "Bill"
  Expenses:CostOfSales:Purchase:PurchaseItem:BuyDiamond 11330.93 HKD
  category: "Natural Diamond"
  sku: "DDFFFFFF0800001429729617"
  qty: 1
  referenceNo: "142"
  orderId: "3d810303-3d66-4d84-a467-4dbef2902180"
  type: "Bill Item"
  sourceId: "5885ea86-ba7f-4bb6-9034-11d3877d9ac3"
  Liabilities:CurrentLiabilities:AccountPayable
  referenceNo: "142"
  orderId: "3d810303-3d66-4d84-a467-4dbef2902180"
  type: "Bill"
  sourceId: "3d810303-3d66-4d84-a467-4dbef2902180"
  contact: "998 12345744 (RAGEMCENTRELTD) [2e9eabb1-6c16-453b-9821-3e405085e1a5]"
2022-09-13 * "Assets:CurrentAssets:Bank:BocSavingBank" "Invoice Payment for Invoice #156 #99a56bc9-406a-425c-9f7b-f7822ad265f1"
  Assets:CurrentAssets:Bank:BocSavingBank 4750.00 HKD
  type: "Invoice Payment"
  sourceId: "99a56bc9-406a-425c-9f7b-f7822ad265f1"
  referenceNo: "156"
  orderId: "e3699677-5155-4057-bcc4-8169b2d9f19c"
  Assets:CurrentAssets:AccountReceivable -4750.00 HKD
  type: "Invoice Payment"
  sourceId: "99a56bc9-406a-425c-9f7b-f7822ad265f1"
  referenceNo: "156"
  orderId: "e3699677-5155-4057-bcc4-8169b2d9f19c"
  contact: "852 93616180 (MR.WONGFATSHING) [2503033a-fce0-4c8e-a8c1-fa02db11cdd6]"
2022-09-13 * "998 12345744 (RAGEMCENTRELTD) [2e9eabb1-6c16-453b-9821-3e405085e1a5]" "Bill Payment for Bill #142 #4feffc9a-5854-4c15-90c5-829d6e9869dd"
  Liabilities:CurrentLiabilities:AccountPayable 11330.93 HKD
  contact: "998 12345744 (RAGEMCENTRELTD) [2e9eabb1-6c16-453b-9821-3e405085e1a5]"
  type: "Bill Payment"
  sourceId: "4feffc9a-5854-4c15-90c5-829d6e9869dd"
  referenceNo: "142"
  orderId: "3d810303-3d66-4d84-a467-4dbef2902180"
  Assets:CurrentAssets:Bank:BocSavingBank -11330.93 HKD
  type: "Bill Payment"
  sourceId: "4feffc9a-5854-4c15-90c5-829d6e9869dd"
  referenceNo: "142"
  orderId: "3d810303-3d66-4d84-a467-4dbef2902180"
2022-09-13 * "880 806 () [53b8789a-4451-4a1f-84f7-a9c5da7ada1a]" "Bill Payment for Bill #144 #e2247e89-3ad0-44d0-b6b6-a04924f5d783"
  Liabilities:CurrentLiabilities:AccountPayable 251.28 HKD
  contact: "880 806 () [53b8789a-4451-4a1f-84f7-a9c5da7ada1a]"
  type: "Bill Payment"
  sourceId: "e2247e89-3ad0-44d0-b6b6-a04924f5d783"
  referenceNo: "144"
  orderId: "eb283dc2-5ebc-4e46-9682-fc26b905fd04"
  Assets:CurrentAssets:Bank:BocSavingBank -251.28 HKD
  type: "Bill Payment"
  sourceId: "e2247e89-3ad0-44d0-b6b6-a04924f5d783"
  referenceNo: "144"
  orderId: "eb283dc2-5ebc-4e46-9682-fc26b905fd04"
2022-09-13 * "880 806 () [53b8789a-4451-4a1f-84f7-a9c5da7ada1a]" "Bill Payment for Bill #768 #3310d517-127f-424c-a5eb-6e4090602ea5"
  Liabilities:CurrentLiabilities:AccountPayable -10.83 HKD
  contact: "880 806 () [53b8789a-4451-4a1f-84f7-a9c5da7ada1a]"
  type: "Bill Payment"
  sourceId: "3310d517-127f-424c-a5eb-6e4090602ea5"
  referenceNo: "768"
  orderId: "95b25afc-3b03-4294-bc0c-ff365b0accf0"
  Assets:CurrentAssets:Bank:BocSavingBank --10.83 HKD
  type: "Bill Payment"
  sourceId: "3310d517-127f-424c-a5eb-6e4090602ea5"
  referenceNo: "768"
  orderId: "95b25afc-3b03-4294-bc0c-ff365b0accf0"
2022-09-13 * "Bill #406 FACEBK *9BERPHPZM2"
  referenceNo: "406"
  orderId: "63d2c61d-b284-4082-82d2-2daf25dd3195"
  type: "Bill"
  Expenses:GeneralExpense:AdvertisingAndBranding 126.10 HKD
  qty: "1"
  description: "FACEBK *9BERPHPZM2"
  referenceNo: "406"
  orderId: "63d2c61d-b284-4082-82d2-2daf25dd3195"
  type: "Bill Item"
  sourceId: "86f429ef-ec57-475b-be0c-db99450e6209"
  Liabilities:CurrentLiabilities:AccountPayable
  referenceNo: "406"
  orderId: "63d2c61d-b284-4082-82d2-2daf25dd3195"
  type: "Bill"
  sourceId: "63d2c61d-b284-4082-82d2-2daf25dd3195"
  contact: "880 806 () [53b8789a-4451-4a1f-84f7-a9c5da7ada1a]"
2022-09-13 * "Bill #408 OVERSEA TRANSACTION FEE"
  referenceNo: "408"
  orderId: "2f0a9409-0b47-4d41-9c40-06a90624c848"
  type: "Bill"
  Expenses:GeneralExpense:BankFeesExpense 1.00 HKD
  qty: "1"
  description: "OVERSEA TRANSACTION FEE"
  referenceNo: "408"
  orderId: "2f0a9409-0b47-4d41-9c40-06a90624c848"
  type: "Bill Item"
  sourceId: "0fd0557f-ae13-4123-85b1-d2baf4541e05"
  Liabilities:CurrentLiabilities:AccountPayable
  referenceNo: "408"
  orderId: "2f0a9409-0b47-4d41-9c40-06a90624c848"
  type: "Bill"
  sourceId: "2f0a9409-0b47-4d41-9c40-06a90624c848"
  contact: "998 12345835 (boc(bankofchina)) [82f385a7-d238-4826-9a12-e06648f93cdb]"
2022-09-13 * "880 806 () [53b8789a-4451-4a1f-84f7-a9c5da7ada1a]" "Bill Payment for Bill #406 #fcd7c8cf-2904-4f02-9256-c7422819afce"
  Liabilities:CurrentLiabilities:AccountPayable 126.10 HKD
  contact: "880 806 () [53b8789a-4451-4a1f-84f7-a9c5da7ada1a]"
  type: "Bill Payment"
  sourceId: "fcd7c8cf-2904-4f02-9256-c7422819afce"
  referenceNo: "406"
  orderId: "63d2c61d-b284-4082-82d2-2daf25dd3195"
  Assets:CurrentAssets:Bank:BocVisaCard-DavidBank -126.10 HKD
  type: "Bill Payment"
  sourceId: "fcd7c8cf-2904-4f02-9256-c7422819afce"
  referenceNo: "406"
  orderId: "63d2c61d-b284-4082-82d2-2daf25dd3195"
2022-09-13 * "998 12345835 (boc(bankofchina)) [82f385a7-d238-4826-9a12-e06648f93cdb]" "Bill Payment for Bill #408 #a224a9d0-a447-42cc-8d01-e93b01cc2413"
  Liabilities:CurrentLiabilities:AccountPayable 1.00 HKD
  contact: "998 12345835 (boc(bankofchina)) [82f385a7-d238-4826-9a12-e06648f93cdb]"
  type: "Bill Payment"
  sourceId: "a224a9d0-a447-42cc-8d01-e93b01cc2413"
  referenceNo: "408"
  orderId: "2f0a9409-0b47-4d41-9c40-06a90624c848"
  Assets:CurrentAssets:Bank:BocVisaCard-DavidBank -1.00 HKD
  type: "Bill Payment"
  sourceId: "a224a9d0-a447-42cc-8d01-e93b01cc2413"
  referenceNo: "408"
  orderId: "2f0a9409-0b47-4d41-9c40-06a90624c848"
2022-09-14 * "Bill #145 BANK - Bank Charge"
  referenceNo: "145"
  orderId: "0755586a-42ec-4192-856f-5f335506f3e6"
  type: "Bill"
  Expenses:GeneralExpense:BankFeesExpense 55.00 HKD
  qty: "1"
  description: "BANK - Bank Charge"
  referenceNo: "145"
  orderId: "0755586a-42ec-4192-856f-5f335506f3e6"
  type: "Bill Item"
  sourceId: "c0c7f09b-9176-4a44-8df6-00bf7a28edfc"
  Liabilities:CurrentLiabilities:AccountPayable
  referenceNo: "145"
  orderId: "0755586a-42ec-4192-856f-5f335506f3e6"
  type: "Bill"
  sourceId: "0755586a-42ec-4192-856f-5f335506f3e6"
  contact: "880 806 () [53b8789a-4451-4a1f-84f7-a9c5da7ada1a]"
2022-09-14 * "Bill #141 NO.2209141541539 #0122 GIA PURCHASE"
  referenceNo: "141"
  orderId: "fd0e3062-db18-4ecd-a01d-8dc6d3d3bdf5"
  type: "Bill"
  Expenses:CostOfSales:Purchase:PurchaseItem:BuyBespoke 2746.10 HKD
  category: "Natural Diamond"
  sku: "DDFFFFFF0800007398581205"
  qty: 1
  referenceNo: "141"
  orderId: "fd0e3062-db18-4ecd-a01d-8dc6d3d3bdf5"
  type: "Bill Item"
  sourceId: "a647c896-df28-4a84-95bb-47d091791fb6"
  Expenses:CostOfSales:Purchase:PurchaseItem:BuyBespoke 2526.00 HKD
  category: "Natural Diamond"
  sku: "DDFFFFFF0800002438966056"
  qty: 1
  referenceNo: "141"
  orderId: "fd0e3062-db18-4ecd-a01d-8dc6d3d3bdf5"
  type: "Bill Item"
  sourceId: "e2f3105e-33d3-4520-816b-176ccf64ca41"
  Liabilities:CurrentLiabilities:AccountPayable
  referenceNo: "141"
  orderId: "fd0e3062-db18-4ecd-a01d-8dc6d3d3bdf5"
  type: "Bill"
  sourceId: "fd0e3062-db18-4ecd-a01d-8dc6d3d3bdf5"
  contact: "998 12345722 (JP-JEWELPARADISECOMPANYLTD) [5089c388-50da-4482-a7cc-58901ecb47dc]"
2022-09-14 * "880 806 () [53b8789a-4451-4a1f-84f7-a9c5da7ada1a]" "Bill Payment for Bill #145 #4effaa12-9512-4af1-80e6-7f8122244ace"
  Liabilities:CurrentLiabilities:AccountPayable 55.00 HKD
  contact: "880 806 () [53b8789a-4451-4a1f-84f7-a9c5da7ada1a]"
  type: "Bill Payment"
  sourceId: "4effaa12-9512-4af1-80e6-7f8122244ace"
  referenceNo: "145"
  orderId: "0755586a-42ec-4192-856f-5f335506f3e6"
  Assets:CurrentAssets:Bank:BocSavingBank -55.00 HKD
  type: "Bill Payment"
  sourceId: "4effaa12-9512-4af1-80e6-7f8122244ace"
  referenceNo: "145"
  orderId: "0755586a-42ec-4192-856f-5f335506f3e6"
2022-09-14 * "998 12345722 (JP-JEWELPARADISECOMPANYLTD) [5089c388-50da-4482-a7cc-58901ecb47dc]" "Bill Payment for Bill #141 #58ff61bf-2858-42c6-bf37-224f64b900a6"
  Liabilities:CurrentLiabilities:AccountPayable 5272.10 HKD
  contact: "998 12345722 (JP-JEWELPARADISECOMPANYLTD) [5089c388-50da-4482-a7cc-58901ecb47dc]"
  type: "Bill Payment"
  sourceId: "58ff61bf-2858-42c6-bf37-224f64b900a6"
  referenceNo: "141"
  orderId: "fd0e3062-db18-4ecd-a01d-8dc6d3d3bdf5"
  Assets:CurrentAssets:Bank:BocSavingBank -5272.10 HKD
  type: "Bill Payment"
  sourceId: "58ff61bf-2858-42c6-bf37-224f64b900a6"
  referenceNo: "141"
  orderId: "fd0e3062-db18-4ecd-a01d-8dc6d3d3bdf5"
2022-09-17 * "998 12345740 (PRESSUREWORKDESIGNCONSULTANTS) [205398a5-a6c5-4a09-938a-7308f6334f41]" "Bill Payment for Bill #650 #b2d542e4-044f-4b71-b367-4531468863a9"
  Liabilities:CurrentLiabilities:AccountPayable 3600.00 HKD
  contact: "998 12345740 (PRESSUREWORKDESIGNCONSULTANTS) [205398a5-a6c5-4a09-938a-7308f6334f41]"
  type: "Bill Payment"
  sourceId: "b2d542e4-044f-4b71-b367-4531468863a9"
  referenceNo: "650"
  orderId: "103d0fab-6812-46e1-8392-afc559100c50"
  Assets:CurrentAssets:Cash:CashInHand -3600.00 HKD
  type: "Bill Payment"
  sourceId: "b2d542e4-044f-4b71-b367-4531468863a9"
  referenceNo: "650"
  orderId: "103d0fab-6812-46e1-8392-afc559100c50"
2022-09-18 * "Bill #154 NO SI, #123"
  referenceNo: "154"
  orderId: "4085c603-3493-4541-8b3c-1feee9d8b2ce"
  type: "Bill"
  Expenses:CostOfSales:Purchase:PurchaseItem:BuyDiamond 360.00 USD
  category: "Natural Diamond"
  sku: "DDFFFFFF0800001333474574"
  qty: 1
  referenceNo: "154"
  orderId: "4085c603-3493-4541-8b3c-1feee9d8b2ce"
  type: "Bill Item"
  sourceId: "90c4e010-fee1-45d9-a329-0059ed0f861c"
  Liabilities:CurrentLiabilities:AccountPayable
  referenceNo: "154"
  orderId: "4085c603-3493-4541-8b3c-1feee9d8b2ce"
  type: "Bill"
  sourceId: "4085c603-3493-4541-8b3c-1feee9d8b2ce"
  contact: "998 12345774 (VD) [a630ded6-776b-4380-8200-f2b72dd81269]"
2022-09-19 * "Invoice #49 INV-0124 MR.LAW ROY"
  Income:Sales:SalesItem:SellBespokeorotherFee -300.00 HKD
  category: "Other"
  sku: "Processing 007"
  qty: 1
  referenceNo: "49"
  orderId: "3a9e0510-aee5-476e-8a78-1d047a8e7ff9"
  type: "Invoice Item"
  sourceId: "9577ce1b-80fd-4062-a50b-40de4412b3cb"
  Assets:CurrentAssets:AccountReceivable
  referenceNo: "49"
  orderId: "3a9e0510-aee5-476e-8a78-1d047a8e7ff9"
  type: "Invoice"
  sourceId: "3a9e0510-aee5-476e-8a78-1d047a8e7ff9"
  contact: "852 69003855 (MR.LAWROY) [1431d21e-93de-4440-bcef-f0c63afe43ff]"
2022-09-19 * "Bill #770 323電費(2022 - 5 / 6 / 7 / 8 月)"
  referenceNo: "770"
  orderId: "31fd0a83-199f-4253-b830-349a287bd013"
  type: "Bill"
  Expenses:GeneralExpense:ElectricityLightHeating 1511.00 HKD
  qty: "1"
  description: "323電費(2022-8月)"
  referenceNo: "770"
  orderId: "31fd0a83-199f-4253-b830-349a287bd013"
  type: "Bill Item"
  sourceId: "44538ef3-1e7b-419f-b455-3cce82d8a0f6"
  Expenses:GeneralExpense:ElectricityLightHeating 1314.00 HKD
  qty: "1"
  description: "323電費(2022-7月)"
  referenceNo: "770"
  orderId: "31fd0a83-199f-4253-b830-349a287bd013"
  type: "Bill Item"
  sourceId: "018a94a7-7013-4f02-a69a-78eaced34fcf"
  Expenses:GeneralExpense:ElectricityLightHeating 1228.00 HKD
  qty: "1"
  description: "323電費(2022-6月)"
  referenceNo: "770"
  orderId: "31fd0a83-199f-4253-b830-349a287bd013"
  type: "Bill Item"
  sourceId: "8c1ce189-e618-4e72-ae76-c4ae184ef2ee"
  Expenses:GeneralExpense:ElectricityLightHeating 783.00 HKD
  qty: "1"
  description: "323電費(2022-5月)"
  referenceNo: "770"
  orderId: "31fd0a83-199f-4253-b830-349a287bd013"
  type: "Bill Item"
  sourceId: "f5b74c90-bb54-41c5-8623-1086a0c9e0d5"
  Liabilities:CurrentLiabilities:AccountPayable
  referenceNo: "770"
  orderId: "31fd0a83-199f-4253-b830-349a287bd013"
  type: "Bill"
  sourceId: "31fd0a83-199f-4253-b830-349a287bd013"
  contact: "880 806 () [53b8789a-4451-4a1f-84f7-a9c5da7ada1a]"
2022-09-19 * "Bill #159 NO SI, #124"
  referenceNo: "159"
  orderId: "2cacbe15-2638-4364-9233-176d40255788"
  type: "Bill"
  Expenses:CostOfSales:Purchase:PurchaseItem:BuyCost-ProcessingFee 300.00 HKD
  category: "Other"
  sku: "Processing 007"
  qty: 1
  referenceNo: "159"
  orderId: "2cacbe15-2638-4364-9233-176d40255788"
  type: "Bill Item"
  sourceId: "c640c3de-f04a-44bc-8d70-31fbca5f7d38"
  Liabilities:CurrentLiabilities:AccountPayable
  referenceNo: "159"
  orderId: "2cacbe15-2638-4364-9233-176d40255788"
  type: "Bill"
  sourceId: "2cacbe15-2638-4364-9233-176d40255788"
  contact: "998 12345767 (SkyHighHoldingsGroupLtd) [efdca012-5d6e-4361-8ec7-f5566615d58a]"
2022-09-19 * "Assets:CurrentAssets:Cash:CashInHand" "Invoice Payment for Invoice #49 #c5174a6a-1c17-4d65-8a40-5806ed9da93b"
  Assets:CurrentAssets:Cash:CashInHand 300.00 HKD
  type: "Invoice Payment"
  sourceId: "c5174a6a-1c17-4d65-8a40-5806ed9da93b"
  referenceNo: "49"
  orderId: "3a9e0510-aee5-476e-8a78-1d047a8e7ff9"
  Assets:CurrentAssets:AccountReceivable -300.00 HKD
  type: "Invoice Payment"
  sourceId: "c5174a6a-1c17-4d65-8a40-5806ed9da93b"
  referenceNo: "49"
  orderId: "3a9e0510-aee5-476e-8a78-1d047a8e7ff9"
  contact: "852 69003855 (MR.LAWROY) [1431d21e-93de-4440-bcef-f0c63afe43ff]"
2022-09-19 * "Assets:CurrentAssets:Cash:CashInHand" "Invoice Payment for Invoice #149 #62534818-1485-415d-a941-28e0f648936f"
  Assets:CurrentAssets:Cash:CashInHand 1500.00 HKD
  type: "Invoice Payment"
  sourceId: "62534818-1485-415d-a941-28e0f648936f"
  referenceNo: "149"
  orderId: "0c2e215f-d3a0-404f-9267-90fc1996309e"
  Assets:CurrentAssets:AccountReceivable -1500.00 HKD
  type: "Invoice Payment"
  sourceId: "62534818-1485-415d-a941-28e0f648936f"
  referenceNo: "149"
  orderId: "0c2e215f-d3a0-404f-9267-90fc1996309e"
  contact: "852 94741360 (MR.MOKKAIHONG) [3c4ad671-ad14-4c28-89e3-dc98c73da8b6]"
2022-09-19 * "880 806 () [53b8789a-4451-4a1f-84f7-a9c5da7ada1a]" "Bill Payment for Bill #770 #fcaa4f31-912f-477c-91dd-9501dd7c556b"
  Liabilities:CurrentLiabilities:AccountPayable 4836.00 HKD
  contact: "880 806 () [53b8789a-4451-4a1f-84f7-a9c5da7ada1a]"
  type: "Bill Payment"
  sourceId: "fcaa4f31-912f-477c-91dd-9501dd7c556b"
  referenceNo: "770"
  orderId: "31fd0a83-199f-4253-b830-349a287bd013"
  Liabilities:CurrentLiabilities:CurrentAccount:C-a-MilrichElectronicsHkCoLtd -4836.00 HKD
  type: "Bill Payment"
  sourceId: "fcaa4f31-912f-477c-91dd-9501dd7c556b"
  referenceNo: "770"
  orderId: "31fd0a83-199f-4253-b830-349a287bd013"
2022-09-19 * "998 12345767 (SkyHighHoldingsGroupLtd) [efdca012-5d6e-4361-8ec7-f5566615d58a]" "Bill Payment for Bill #159 #0e1e584d-6d27-4298-8b78-950e3a0bfd6c"
  Liabilities:CurrentLiabilities:AccountPayable 300.00 HKD
  contact: "998 12345767 (SkyHighHoldingsGroupLtd) [efdca012-5d6e-4361-8ec7-f5566615d58a]"
  type: "Bill Payment"
  sourceId: "0e1e584d-6d27-4298-8b78-950e3a0bfd6c"
  referenceNo: "159"
  orderId: "2cacbe15-2638-4364-9233-176d40255788"
  Assets:CurrentAssets:Cash:CashInHand -300.00 HKD
  type: "Bill Payment"
  sourceId: "0e1e584d-6d27-4298-8b78-950e3a0bfd6c"
  referenceNo: "159"
  orderId: "2cacbe15-2638-4364-9233-176d40255788"
2022-09-20 * "Bill #234 kpay033"
  referenceNo: "234"
  orderId: "9838d403-2946-4de2-9fb6-de975069763b"
  type: "Bill"
  Expenses:GeneralExpense:CardFeeExpense 406.00 HKD
  qty: "1"
  description: "KPAY FEE"
  referenceNo: "234"
  orderId: "9838d403-2946-4de2-9fb6-de975069763b"
  type: "Bill Item"
  sourceId: "89c54c1d-a88f-4314-b60d-6f652a05cf12"
  Liabilities:CurrentLiabilities:AccountPayable
  referenceNo: "234"
  orderId: "9838d403-2946-4de2-9fb6-de975069763b"
  type: "Bill"
  sourceId: "9838d403-2946-4de2-9fb6-de975069763b"
  contact: "998 12345821 (KPAY) [5a706f32-7edc-48d8-ae47-62fee1e8bba1]"
2022-09-20 * "Assets:CurrentAssets:Bank:KpayBank" "Invoice Payment for Invoice #40 #9dc73c8c-e651-4958-97db-16d22947a180"
  Assets:CurrentAssets:Bank:KpayBank 27000.00 HKD
  type: "Invoice Payment"
  sourceId: "9dc73c8c-e651-4958-97db-16d22947a180"
  referenceNo: "40"
  orderId: "6020cd37-6da9-415a-b41d-0bd25a64480d"
  Assets:CurrentAssets:AccountReceivable -27000.00 HKD
  type: "Invoice Payment"
  sourceId: "9dc73c8c-e651-4958-97db-16d22947a180"
  referenceNo: "40"
  orderId: "6020cd37-6da9-415a-b41d-0bd25a64480d"
  contact: "852 62992182 (MR.NGKEN) [48790393-4a70-49b4-b8e4-82c517f3f493]"
2022-09-20 * "998 12345821 (KPAY) [5a706f32-7edc-48d8-ae47-62fee1e8bba1]" "Bill Payment for Bill #234 #ca843d9f-f5ac-4378-b278-760f3e7a47f3"
  Liabilities:CurrentLiabilities:AccountPayable 406.00 HKD
  contact: "998 12345821 (KPAY) [5a706f32-7edc-48d8-ae47-62fee1e8bba1]"
  type: "Bill Payment"
  sourceId: "ca843d9f-f5ac-4378-b278-760f3e7a47f3"
  referenceNo: "234"
  orderId: "9838d403-2946-4de2-9fb6-de975069763b"
  Assets:CurrentAssets:Bank:KpayBank -406.00 HKD
  type: "Bill Payment"
  sourceId: "ca843d9f-f5ac-4378-b278-760f3e7a47f3"
  referenceNo: "234"
  orderId: "9838d403-2946-4de2-9fb6-de975069763b"
2022-09-20 * "Bill #409 TNT THE NEXT TECH LIMITED "
  referenceNo: "409"
  orderId: "42ac36a3-bc0a-42c3-aacd-623ddc7da359"
  type: "Bill"
  Expenses:GeneralExpense:WebErpDev 17114.39 HKD
  qty: "1"
  description: "TNT THE NEXT TECH LIMITED "
  referenceNo: "409"
  orderId: "42ac36a3-bc0a-42c3-aacd-623ddc7da359"
  type: "Bill Item"
  sourceId: "320a0b15-af89-494c-9286-b19689273a89"
  Liabilities:CurrentLiabilities:AccountPayable
  referenceNo: "409"
  orderId: "42ac36a3-bc0a-42c3-aacd-623ddc7da359"
  type: "Bill"
  sourceId: "42ac36a3-bc0a-42c3-aacd-623ddc7da359"
  contact: "880 806 () [53b8789a-4451-4a1f-84f7-a9c5da7ada1a]"
2022-09-20 * "880 806 () [53b8789a-4451-4a1f-84f7-a9c5da7ada1a]" "Bill Payment for Bill #409 #2b0553ec-655f-4362-8a26-d69ae00c3fe0"
  Liabilities:CurrentLiabilities:AccountPayable 17114.39 HKD
  contact: "880 806 () [53b8789a-4451-4a1f-84f7-a9c5da7ada1a]"
  type: "Bill Payment"
  sourceId: "2b0553ec-655f-4362-8a26-d69ae00c3fe0"
  referenceNo: "409"
  orderId: "42ac36a3-bc0a-42c3-aacd-623ddc7da359"
  Assets:CurrentAssets:Bank:BocVisaCard-DavidBank -17114.39 HKD
  type: "Bill Payment"
  sourceId: "2b0553ec-655f-4362-8a26-d69ae00c3fe0"
  referenceNo: "409"
  orderId: "42ac36a3-bc0a-42c3-aacd-623ddc7da359"
2022-09-20 * "Invoice #125 INV-0123 VD Consignment"
  Income:Sales:SalesItem:SellDiamond -360.00 USD
  category: "Natural Diamond"
  sku: "DDFFFFFF0800001333474574"
  qty: 1
  referenceNo: "125"
  orderId: "8547e389-4983-406f-964c-8436b78e9899"
  type: "Invoice Item"
  sourceId: "c6762f56-2391-4ce1-8046-31957be1ea02"
  Assets:CurrentAssets:AccountReceivable
  referenceNo: "125"
  orderId: "8547e389-4983-406f-964c-8436b78e9899"
  type: "Invoice"
  sourceId: "8547e389-4983-406f-964c-8436b78e9899"
  contact: "998 12345747 (RUSHIDIAM(HK)LTD) [d9228c5a-e949-46e4-a927-ca20392acf40]"
2022-09-20 * "Assets:CurrentAssets:Bank:BocForeignBank" "Invoice Payment for Invoice #125 #e62d303b-76ea-4d67-a364-73ab7b32a0dc"
  Assets:CurrentAssets:Bank:BocForeignBank 360.00 USD
  type: "Invoice Payment"
  sourceId: "e62d303b-76ea-4d67-a364-73ab7b32a0dc"
  referenceNo: "125"
  orderId: "8547e389-4983-406f-964c-8436b78e9899"
  Assets:CurrentAssets:AccountReceivable -360.00 USD
  type: "Invoice Payment"
  sourceId: "e62d303b-76ea-4d67-a364-73ab7b32a0dc"
  referenceNo: "125"
  orderId: "8547e389-4983-406f-964c-8436b78e9899"
  contact: "998 12345747 (RUSHIDIAM(HK)LTD) [d9228c5a-e949-46e4-a927-ca20392acf40]"
2022-09-21 * "Bill #415 FACEBK *GGURVHPZM2"
  referenceNo: "415"
  orderId: "bcef564d-7874-4566-a1bd-903abbaf5150"
  type: "Bill"
  Expenses:GeneralExpense:AdvertisingAndBranding 7500.00 HKD
  qty: "1"
  description: "FACEBK *GGURVHPZM2"
  referenceNo: "415"
  orderId: "bcef564d-7874-4566-a1bd-903abbaf5150"
  type: "Bill Item"
  sourceId: "2c221450-0a84-4441-a1a1-f23213d8fa73"
  Liabilities:CurrentLiabilities:AccountPayable
  referenceNo: "415"
  orderId: "bcef564d-7874-4566-a1bd-903abbaf5150"
  type: "Bill"
  sourceId: "bcef564d-7874-4566-a1bd-903abbaf5150"
  contact: "880 806 () [53b8789a-4451-4a1f-84f7-a9c5da7ada1a]"
2022-09-21 * "Bill #420 OVERSEA TRANSACTION FEE"
  referenceNo: "420"
  orderId: "39d27a37-f1f6-412b-b202-b537d94df1c5"
  type: "Bill"
  Expenses:GeneralExpense:BankFeesExpense 60.00 HKD
  qty: "1"
  description: "OVERSEA TRANSACTION FEE"
  referenceNo: "420"
  orderId: "39d27a37-f1f6-412b-b202-b537d94df1c5"
  type: "Bill Item"
  sourceId: "6f894381-e815-419b-ac97-e5a4a234d14a"
  Liabilities:CurrentLiabilities:AccountPayable
  referenceNo: "420"
  orderId: "39d27a37-f1f6-412b-b202-b537d94df1c5"
  type: "Bill"
  sourceId: "39d27a37-f1f6-412b-b202-b537d94df1c5"
  contact: "998 12345835 (boc(bankofchina)) [82f385a7-d238-4826-9a12-e06648f93cdb]"
2022-09-21 * "880 806 () [53b8789a-4451-4a1f-84f7-a9c5da7ada1a]" "Bill Payment for Bill #415 #d664a692-2741-4260-8b7f-f8380a247bb0"
  Liabilities:CurrentLiabilities:AccountPayable 7500.00 HKD
  contact: "880 806 () [53b8789a-4451-4a1f-84f7-a9c5da7ada1a]"
  type: "Bill Payment"
  sourceId: "d664a692-2741-4260-8b7f-f8380a247bb0"
  referenceNo: "415"
  orderId: "bcef564d-7874-4566-a1bd-903abbaf5150"
  Assets:CurrentAssets:Bank:BocVisaCard-DavidBank -7500.00 HKD
  type: "Bill Payment"
  sourceId: "d664a692-2741-4260-8b7f-f8380a247bb0"
  referenceNo: "415"
  orderId: "bcef564d-7874-4566-a1bd-903abbaf5150"
2022-09-21 * "998 12345835 (boc(bankofchina)) [82f385a7-d238-4826-9a12-e06648f93cdb]" "Bill Payment for Bill #420 #2a7419ba-6a1b-4321-be92-31bb9d25a85f"
  Liabilities:CurrentLiabilities:AccountPayable 60.00 HKD
  contact: "998 12345835 (boc(bankofchina)) [82f385a7-d238-4826-9a12-e06648f93cdb]"
  type: "Bill Payment"
  sourceId: "2a7419ba-6a1b-4321-be92-31bb9d25a85f"
  referenceNo: "420"
  orderId: "39d27a37-f1f6-412b-b202-b537d94df1c5"
  Assets:CurrentAssets:Bank:BocVisaCard-DavidBank -60.00 HKD
  type: "Bill Payment"
  sourceId: "2a7419ba-6a1b-4321-be92-31bb9d25a85f"
  referenceNo: "420"
  orderId: "39d27a37-f1f6-412b-b202-b537d94df1c5"
2022-09-23 * "Invoice #56 INV-0125 MR. YAU FOR"
  Income:Sales:SalesItem:SellBespokeorotherFee -200.00 HKD
  category: "Other"
  sku: "Processing 012"
  qty: 1
  referenceNo: "56"
  orderId: "1011ba71-6698-4ae8-9bf0-e29881c8eba5"
  type: "Invoice Item"
  sourceId: "3c4737d6-0d20-4ee9-afae-1af080fb9e73"
  Assets:CurrentAssets:AccountReceivable
  referenceNo: "56"
  orderId: "1011ba71-6698-4ae8-9bf0-e29881c8eba5"
  type: "Invoice"
  sourceId: "1011ba71-6698-4ae8-9bf0-e29881c8eba5"
  contact: "852 52817863 (MR.YAUFOR) [64a58f51-df31-420b-bebd-4257cc671da5]"
2022-09-23 * "Bill #148 NO SI, #125"
  referenceNo: "148"
  orderId: "0500f5ff-9558-4b72-a666-28c807111f1d"
  type: "Bill"
  Expenses:CostOfSales:Purchase:PurchaseItem:BuyCost-ProcessingFee 200.00 HKD
  category: "Other"
  sku: "Processing 012"
  qty: 1
  referenceNo: "148"
  orderId: "0500f5ff-9558-4b72-a666-28c807111f1d"
  type: "Bill Item"
  sourceId: "91fc9fc2-3ae6-428b-ad7f-ed33570d26f8"
  Liabilities:CurrentLiabilities:AccountPayable
  referenceNo: "148"
  orderId: "0500f5ff-9558-4b72-a666-28c807111f1d"
  type: "Bill"
  sourceId: "0500f5ff-9558-4b72-a666-28c807111f1d"
  contact: "998 12345767 (SkyHighHoldingsGroupLtd) [efdca012-5d6e-4361-8ec7-f5566615d58a]"
2022-09-23 * "Assets:CurrentAssets:Cash:CashInHand" "Invoice Payment for Invoice #62 #aa9c91dc-3214-4617-8d89-8d1483976c9b"
  Assets:CurrentAssets:Cash:CashInHand 7400.00 HKD
  type: "Invoice Payment"
  sourceId: "aa9c91dc-3214-4617-8d89-8d1483976c9b"
  referenceNo: "62"
  orderId: "cbcf2f27-c410-495c-b843-e9d70d1b5111"
  Assets:CurrentAssets:AccountReceivable -7400.00 HKD
  type: "Invoice Payment"
  sourceId: "aa9c91dc-3214-4617-8d89-8d1483976c9b"
  referenceNo: "62"
  orderId: "cbcf2f27-c410-495c-b843-e9d70d1b5111"
  contact: "852 60373272 (MR.CHEUNGKUEN) [07d7b3b0-ac99-40ed-84d8-2056df49c88f]"
2022-09-23 * "Assets:CurrentAssets:Bank:BocSavingBank" "Invoice Payment for Invoice #159 #cdc388e3-297d-4bd8-976f-229a14f98d11"
  Assets:CurrentAssets:Bank:BocSavingBank 31850.00 HKD
  type: "Invoice Payment"
  sourceId: "cdc388e3-297d-4bd8-976f-229a14f98d11"
  referenceNo: "159"
  orderId: "46c913e6-b456-49d3-b8a7-df8ece7c8db2"
  Assets:CurrentAssets:AccountReceivable -31850.00 HKD
  type: "Invoice Payment"
  sourceId: "cdc388e3-297d-4bd8-976f-229a14f98d11"
  referenceNo: "159"
  orderId: "46c913e6-b456-49d3-b8a7-df8ece7c8db2"
  contact: "852 68552206 (MR.NGTAKWAH) [c3e87b82-8a58-4592-ab56-289fd5a2bcb3]"
2022-09-24 * "Assets:CurrentAssets:Bank:BocSavingBank" "Invoice Payment for Invoice #156 #72813153-ac36-441f-a1af-b306597e2294"
  Assets:CurrentAssets:Bank:BocSavingBank 4750.00 HKD
  type: "Invoice Payment"
  sourceId: "72813153-ac36-441f-a1af-b306597e2294"
  referenceNo: "156"
  orderId: "e3699677-5155-4057-bcc4-8169b2d9f19c"
  Assets:CurrentAssets:AccountReceivable -4750.00 HKD
  type: "Invoice Payment"
  sourceId: "72813153-ac36-441f-a1af-b306597e2294"
  referenceNo: "156"
  orderId: "e3699677-5155-4057-bcc4-8169b2d9f19c"
  contact: "852 93616180 (MR.WONGFATSHING) [2503033a-fce0-4c8e-a8c1-fa02db11cdd6]"
2022-09-26 * "Invoice #137 INV-0127 MR.BENNET"
  Income:Sales:SalesItem:Sell-ForProcess交外廠加工 -0.00 HKD
  category: "Other"
  sku: "Processing 005"
  qty: 1
  referenceNo: "137"
  orderId: "9d6e79c4-116c-44af-86c4-a20be6a13f71"
  type: "Invoice Item"
  sourceId: "27ec5eef-f72d-475c-a3e7-d9c0253864ea"
  Income:Sales:SalesItem:SellDiamond -21000.00 HKD
  category: "Natural Diamond"
  sku: "DDFFFFFF0800007361835022"
  qty: 1
  referenceNo: "137"
  orderId: "9d6e79c4-116c-44af-86c4-a20be6a13f71"
  type: "Invoice Item"
  sourceId: "65b57eae-ea9c-49c1-ba3b-18d5ab538f48"
  Income:Sales:SalesItem:Sell18kJewelry -3600.00 HKD
  category: "Ring Setting"
  sku: "DDFFFFFF0B00000000000142"
  qty: 1
  referenceNo: "137"
  orderId: "9d6e79c4-116c-44af-86c4-a20be6a13f71"
  type: "Invoice Item"
  sourceId: "8354f7b8-6ae8-4de4-82a3-91f78add142b"
  Income:Sales:Discount --800.00 HKD
  description: "CASH DISCOUNT( 800)"
  qty: 1
  referenceNo: "137"
  orderId: "9d6e79c4-116c-44af-86c4-a20be6a13f71"
  type: "Invoice Item"
  sourceId: "298281ca-9bca-4280-b3e6-c296ab1e1cf8"
  Assets:CurrentAssets:AccountReceivable
  referenceNo: "137"
  orderId: "9d6e79c4-116c-44af-86c4-a20be6a13f71"
  type: "Invoice"
  sourceId: "9d6e79c4-116c-44af-86c4-a20be6a13f71"
  contact: "852 97511582 (MR.BENNET) [5504d24d-746f-4c8c-9e12-a52b875f5138]"
2022-09-26 * "Bill #242 kpay034"
  referenceNo: "242"
  orderId: "9ff7cbc9-b8a9-465a-bb06-e2dcf9b61ba2"
  type: "Bill"
  Expenses:GeneralExpense:CardFeeExpense 715.75 HKD
  qty: "1"
  description: "KPAY FEE"
  referenceNo: "242"
  orderId: "9ff7cbc9-b8a9-465a-bb06-e2dcf9b61ba2"
  type: "Bill Item"
  sourceId: "97f88d3e-4704-4532-8cb9-b658b431b907"
  Liabilities:CurrentLiabilities:AccountPayable
  referenceNo: "242"
  orderId: "9ff7cbc9-b8a9-465a-bb06-e2dcf9b61ba2"
  type: "Bill"
  sourceId: "9ff7cbc9-b8a9-465a-bb06-e2dcf9b61ba2"
  contact: "998 12345821 (KPAY) [5a706f32-7edc-48d8-ae47-62fee1e8bba1]"
2022-09-26 * "Assets:CurrentAssets:Bank:BocSavingBank" "Invoice Payment for Invoice #137 #c80c6425-3b15-4ee2-917a-fa46c403b008"
  Assets:CurrentAssets:Bank:BocSavingBank 10000.00 HKD
  type: "Invoice Payment"
  sourceId: "c80c6425-3b15-4ee2-917a-fa46c403b008"
  referenceNo: "137"
  orderId: "9d6e79c4-116c-44af-86c4-a20be6a13f71"
  Assets:CurrentAssets:AccountReceivable -10000.00 HKD
  type: "Invoice Payment"
  sourceId: "c80c6425-3b15-4ee2-917a-fa46c403b008"
  referenceNo: "137"
  orderId: "9d6e79c4-116c-44af-86c4-a20be6a13f71"
  contact: "852 97511582 (MR.BENNET) [5504d24d-746f-4c8c-9e12-a52b875f5138]"
2022-09-26 * "Assets:CurrentAssets:Bank:KpayBank" "Invoice Payment for Invoice #168 #915a2d7c-0aa2-4f7c-b91c-0f658e8e566c"
  Assets:CurrentAssets:Bank:KpayBank 4500.00 HKD
  type: "Invoice Payment"
  sourceId: "915a2d7c-0aa2-4f7c-b91c-0f658e8e566c"
  referenceNo: "168"
  orderId: "39844198-aca7-48e8-ab4d-708ffe62d8d1"
  Assets:CurrentAssets:AccountReceivable -4500.00 HKD
  type: "Invoice Payment"
  sourceId: "915a2d7c-0aa2-4f7c-b91c-0f658e8e566c"
  referenceNo: "168"
  orderId: "39844198-aca7-48e8-ab4d-708ffe62d8d1"
  contact: "852 93296925 (MR.CHEUNGWADE) [86a61208-1524-42ad-9487-38bd97e2e585]"
2022-09-26 * "Assets:CurrentAssets:Bank:KpayBank" "Invoice Payment for Invoice #168 #a1baa830-3e03-42ac-84e0-3a2489aed089"
  Assets:CurrentAssets:Bank:KpayBank 43150.00 HKD
  type: "Invoice Payment"
  sourceId: "a1baa830-3e03-42ac-84e0-3a2489aed089"
  referenceNo: "168"
  orderId: "39844198-aca7-48e8-ab4d-708ffe62d8d1"
  Assets:CurrentAssets:AccountReceivable -43150.00 HKD
  type: "Invoice Payment"
  sourceId: "a1baa830-3e03-42ac-84e0-3a2489aed089"
  referenceNo: "168"
  orderId: "39844198-aca7-48e8-ab4d-708ffe62d8d1"
  contact: "852 93296925 (MR.CHEUNGWADE) [86a61208-1524-42ad-9487-38bd97e2e585]"
2022-09-26 * "998 12345821 (KPAY) [5a706f32-7edc-48d8-ae47-62fee1e8bba1]" "Bill Payment for Bill #242 #216087b1-7f68-4393-a5e2-fc595ebd93f3"
  Liabilities:CurrentLiabilities:AccountPayable 715.75 HKD
  contact: "998 12345821 (KPAY) [5a706f32-7edc-48d8-ae47-62fee1e8bba1]"
  type: "Bill Payment"
  sourceId: "216087b1-7f68-4393-a5e2-fc595ebd93f3"
  referenceNo: "242"
  orderId: "9ff7cbc9-b8a9-465a-bb06-e2dcf9b61ba2"
  Assets:CurrentAssets:Bank:KpayBank -715.75 HKD
  type: "Bill Payment"
  sourceId: "216087b1-7f68-4393-a5e2-fc595ebd93f3"
  referenceNo: "242"
  orderId: "9ff7cbc9-b8a9-465a-bb06-e2dcf9b61ba2"
2022-09-28 * "Bill #147 EX00080"
  referenceNo: "147"
  orderId: "92a48333-32a6-42d8-8607-4562aefa3d60"
  type: "Bill"
  Expenses:GeneralExpense:AdvertisingAndBranding 4625.00 HKD
  qty: "1"
  description: "Hazel 廣告費"
  referenceNo: "147"
  orderId: "92a48333-32a6-42d8-8607-4562aefa3d60"
  type: "Bill Item"
  sourceId: "7a62448b-4d1d-4ee0-a6e5-9bad88be7e8e"
  Liabilities:CurrentLiabilities:AccountPayable
  referenceNo: "147"
  orderId: "92a48333-32a6-42d8-8607-4562aefa3d60"
  type: "Bill"
  sourceId: "92a48333-32a6-42d8-8607-4562aefa3d60"
  contact: "880 806 () [53b8789a-4451-4a1f-84f7-a9c5da7ada1a]"
2022-09-28 * "Bill #146 BANK FEE"
  referenceNo: "146"
  orderId: "1113404e-02bb-4149-9054-af3dd602bd07"
  type: "Bill"
  Expenses:GeneralExpense:BankFeesExpense 5.00 HKD
  qty: "1"
  description: "BANK FEE"
  referenceNo: "146"
  orderId: "1113404e-02bb-4149-9054-af3dd602bd07"
  type: "Bill Item"
  sourceId: "8e3389ff-592f-4c74-a12d-05aa954828b8"
  Liabilities:CurrentLiabilities:AccountPayable
  referenceNo: "146"
  orderId: "1113404e-02bb-4149-9054-af3dd602bd07"
  type: "Bill"
  sourceId: "1113404e-02bb-4149-9054-af3dd602bd07"
  contact: "880 806 () [53b8789a-4451-4a1f-84f7-a9c5da7ada1a]"
2022-09-28 * "880 806 () [53b8789a-4451-4a1f-84f7-a9c5da7ada1a]" "Bill Payment for Bill #146 #82fa1a1e-624c-48dd-b112-9cda14989818"
  Liabilities:CurrentLiabilities:AccountPayable 5.00 HKD
  contact: "880 806 () [53b8789a-4451-4a1f-84f7-a9c5da7ada1a]"
  type: "Bill Payment"
  sourceId: "82fa1a1e-624c-48dd-b112-9cda14989818"
  referenceNo: "146"
  orderId: "1113404e-02bb-4149-9054-af3dd602bd07"
  Assets:CurrentAssets:Bank:BocSavingBank -5.00 HKD
  type: "Bill Payment"
  sourceId: "82fa1a1e-624c-48dd-b112-9cda14989818"
  referenceNo: "146"
  orderId: "1113404e-02bb-4149-9054-af3dd602bd07"
2022-09-28 * "880 806 () [53b8789a-4451-4a1f-84f7-a9c5da7ada1a]" "Bill Payment for Bill #147 #ec9f4afd-ac95-41e5-9aa8-ebcac2125cb4"
  Liabilities:CurrentLiabilities:AccountPayable 4625.00 HKD
  contact: "880 806 () [53b8789a-4451-4a1f-84f7-a9c5da7ada1a]"
  type: "Bill Payment"
  sourceId: "ec9f4afd-ac95-41e5-9aa8-ebcac2125cb4"
  referenceNo: "147"
  orderId: "92a48333-32a6-42d8-8607-4562aefa3d60"
  Assets:CurrentAssets:Bank:BocSavingBank -4625.00 HKD
  type: "Bill Payment"
  sourceId: "ec9f4afd-ac95-41e5-9aa8-ebcac2125cb4"
  referenceNo: "147"
  orderId: "92a48333-32a6-42d8-8607-4562aefa3d60"
2022-09-29 * "Assets:CurrentAssets:Bank:BocSavingBank" "Invoice Payment for Invoice #137 #4b28ac99-5bba-48af-8d8e-9b6a96ab372f"
  Assets:CurrentAssets:Bank:BocSavingBank 3800.00 HKD
  type: "Invoice Payment"
  sourceId: "4b28ac99-5bba-48af-8d8e-9b6a96ab372f"
  referenceNo: "137"
  orderId: "9d6e79c4-116c-44af-86c4-a20be6a13f71"
  Assets:CurrentAssets:AccountReceivable -3800.00 HKD
  type: "Invoice Payment"
  sourceId: "4b28ac99-5bba-48af-8d8e-9b6a96ab372f"
  referenceNo: "137"
  orderId: "9d6e79c4-116c-44af-86c4-a20be6a13f71"
  contact: "852 97511582 (MR.BENNET) [5504d24d-746f-4c8c-9e12-a52b875f5138]"
2022-09-29 * "Assets:CurrentAssets:Bank:BocSavingBank" "Invoice Payment for Invoice #137 #7153c68a-6fa8-481b-9526-d74bee13fe5b"
  Assets:CurrentAssets:Bank:BocSavingBank 10000.00 HKD
  type: "Invoice Payment"
  sourceId: "7153c68a-6fa8-481b-9526-d74bee13fe5b"
  referenceNo: "137"
  orderId: "9d6e79c4-116c-44af-86c4-a20be6a13f71"
  Assets:CurrentAssets:AccountReceivable -10000.00 HKD
  type: "Invoice Payment"
  sourceId: "7153c68a-6fa8-481b-9526-d74bee13fe5b"
  referenceNo: "137"
  orderId: "9d6e79c4-116c-44af-86c4-a20be6a13f71"
  contact: "852 97511582 (MR.BENNET) [5504d24d-746f-4c8c-9e12-a52b875f5138]"
2022-09-29 * "Assets:CurrentAssets:Cash:CashInHand" "Invoice Payment for Invoice #56 #bd4ff86c-a775-4e63-a41b-eb127fe6c85c"
  Assets:CurrentAssets:Cash:CashInHand 200.00 HKD
  type: "Invoice Payment"
  sourceId: "bd4ff86c-a775-4e63-a41b-eb127fe6c85c"
  referenceNo: "56"
  orderId: "1011ba71-6698-4ae8-9bf0-e29881c8eba5"
  Assets:CurrentAssets:AccountReceivable -200.00 HKD
  type: "Invoice Payment"
  sourceId: "bd4ff86c-a775-4e63-a41b-eb127fe6c85c"
  referenceNo: "56"
  orderId: "1011ba71-6698-4ae8-9bf0-e29881c8eba5"
  contact: "852 52817863 (MR.YAUFOR) [64a58f51-df31-420b-bebd-4257cc671da5]"
2022-09-30 * "Bill #157 BANK FEE"
  referenceNo: "157"
  orderId: "f6df82e7-cd7b-4cb4-aefa-2185854d2b21"
  type: "Bill"
  Expenses:GeneralExpense:BankFeesExpense 5.00 HKD
  qty: "1"
  description: "BANK FEE"
  referenceNo: "157"
  orderId: "f6df82e7-cd7b-4cb4-aefa-2185854d2b21"
  type: "Bill Item"
  sourceId: "ca026f93-f10e-4ec3-980a-66104e67cdc3"
  Liabilities:CurrentLiabilities:AccountPayable
  referenceNo: "157"
  orderId: "f6df82e7-cd7b-4cb4-aefa-2185854d2b21"
  type: "Bill"
  sourceId: "f6df82e7-cd7b-4cb4-aefa-2185854d2b21"
  contact: "880 806 () [53b8789a-4451-4a1f-84f7-a9c5da7ada1a]"
2022-09-30 * "880 806 () [53b8789a-4451-4a1f-84f7-a9c5da7ada1a]" "Bill Payment for Bill #402 #811838e2-1bfa-4888-80d5-46532435b457"
  Liabilities:CurrentLiabilities:AccountPayable 8099.00 HKD
  contact: "880 806 () [53b8789a-4451-4a1f-84f7-a9c5da7ada1a]"
  type: "Bill Payment"
  sourceId: "811838e2-1bfa-4888-80d5-46532435b457"
  referenceNo: "402"
  orderId: "4a9ffb1f-6e25-481a-9c27-b4949e47f2e9"
  Assets:CurrentAssets:Bank:BocSavingBank -8099.00 HKD
  type: "Bill Payment"
  sourceId: "811838e2-1bfa-4888-80d5-46532435b457"
  referenceNo: "402"
  orderId: "4a9ffb1f-6e25-481a-9c27-b4949e47f2e9"
2022-09-30 * "880 806 () [53b8789a-4451-4a1f-84f7-a9c5da7ada1a]" "Bill Payment for Bill #157 #5236656d-0936-4d26-be18-cf5408b368ec"
  Liabilities:CurrentLiabilities:AccountPayable 5.00 HKD
  contact: "880 806 () [53b8789a-4451-4a1f-84f7-a9c5da7ada1a]"
  type: "Bill Payment"
  sourceId: "5236656d-0936-4d26-be18-cf5408b368ec"
  referenceNo: "157"
  orderId: "f6df82e7-cd7b-4cb4-aefa-2185854d2b21"
  Assets:CurrentAssets:Bank:BocSavingBank -5.00 HKD
  type: "Bill Payment"
  sourceId: "5236656d-0936-4d26-be18-cf5408b368ec"
  referenceNo: "157"
  orderId: "f6df82e7-cd7b-4cb4-aefa-2185854d2b21"