; ORDER transactions for 2022-07

2022-07-04 * "Bill #192 Bank Fee"
  referenceNo: "192"
  orderId: "04bb8ab2-f877-4ec0-a4a1-a50a86725b6d"
  type: "Bill"
  Expenses:BankFeesExpense 55 HKD
  qty: "1"
  description: "Bank Fee"
  referenceNo: "192"
  orderId: "04bb8ab2-f877-4ec0-a4a1-a50a86725b6d"
  type: "Bill Item"
  sourceId: "4b51d326-fccf-46f4-ba36-675d54951bef"
  Liabilities:CurrentLiabilities:AccountPayable
  referenceNo: "192"
  orderId: "04bb8ab2-f877-4ec0-a4a1-a50a86725b6d"
  type: "Bill"
  sourceId: "04bb8ab2-f877-4ec0-a4a1-a50a86725b6d"
  contact: "880 806 () [53b8789a-4451-4a1f-84f7-a9c5da7ada1a]"
2022-07-04 * "880 806 () [53b8789a-4451-4a1f-84f7-a9c5da7ada1a]" "Bill Payment for Bill #192 #be87c6b0-75d5-4b73-b936-4f975440bcf2"
  contact: "880 806 () [53b8789a-4451-4a1f-84f7-a9c5da7ada1a]"
  Liabilities:CurrentLiabilities:AccountPayable 55 HKD
  type: "Bill Payment"
  sourceId: "be87c6b0-75d5-4b73-b936-4f975440bcf2"
  referenceNo: "192"
  orderId: "04bb8ab2-f877-4ec0-a4a1-a50a86725b6d"
  Assets:CurrentAssets:Bank:BocSavingBank -55 HKD
  type: "Bill Payment"
  sourceId: "be87c6b0-75d5-4b73-b936-4f975440bcf2"
  referenceNo: "192"
  orderId: "04bb8ab2-f877-4ec0-a4a1-a50a86725b6d"
2022-07-04 * "998 12345696 (CHINA STAR) [18f558fe-9c32-4da8-8102-e67648c847a2]" "Bill Payment for Bill #197 #22e7124a-61b7-4a04-aa25-b622d2f42d98"
  contact: "998 12345696 (CHINA STAR) [18f558fe-9c32-4da8-8102-e67648c847a2]"
  Liabilities:CurrentLiabilities:AccountPayable 88599.66 HKD
  type: "Bill Payment"
  sourceId: "22e7124a-61b7-4a04-aa25-b622d2f42d98"
  referenceNo: "197"
  orderId: "baa74aa8-165b-494c-bce5-0572d3a0d117"
  Assets:CurrentAssets:Bank:BocSavingBank -88599.66 HKD
  type: "Bill Payment"
  sourceId: "22e7124a-61b7-4a04-aa25-b622d2f42d98"
  referenceNo: "197"
  orderId: "baa74aa8-165b-494c-bce5-0572d3a0d117"
2022-07-04 * "Bill #417 323 - RENT PAID"
  referenceNo: "417"
  orderId: "c1be657c-acb6-484f-98b8-8c320ca627fb"
  type: "Bill"
  Expenses:Rent 17000 HKD
  qty: "1"
  description: "323 - RENT PAID"
  referenceNo: "417"
  orderId: "c1be657c-acb6-484f-98b8-8c320ca627fb"
  type: "Bill Item"
  sourceId: "082d640f-fe01-47e0-a3b5-ad13bf3f627c"
  Liabilities:CurrentLiabilities:AccountPayable
  referenceNo: "417"
  orderId: "c1be657c-acb6-484f-98b8-8c320ca627fb"
  type: "Bill"
  sourceId: "c1be657c-acb6-484f-98b8-8c320ca627fb"
  contact: "880 806 () [53b8789a-4451-4a1f-84f7-a9c5da7ada1a]"
2022-07-04 * "880 806 () [53b8789a-4451-4a1f-84f7-a9c5da7ada1a]" "Bill Payment for Bill #417 #7f1fcff2-07d6-43ab-a5d9-f9f7f27e519f"
  contact: "880 806 () [53b8789a-4451-4a1f-84f7-a9c5da7ada1a]"
  Liabilities:CurrentLiabilities:AccountPayable 17000 HKD
  type: "Bill Payment"
  sourceId: "7f1fcff2-07d6-43ab-a5d9-f9f7f27e519f"
  referenceNo: "417"
  orderId: "c1be657c-acb6-484f-98b8-8c320ca627fb"
  Assets:CurrentAssets:Bank:BocCurrentBank -17000 HKD
  type: "Bill Payment"
  sourceId: "7f1fcff2-07d6-43ab-a5d9-f9f7f27e519f"
  referenceNo: "417"
  orderId: "c1be657c-acb6-484f-98b8-8c320ca627fb"
2022-07-05 * "Invoice #33 INV-0087"
  Income:Sales:SalesItem:Sell18kJewelry -0 HKD
  category: "Ring Setting"
  sku: "DDFFFFFF0B00000000000123"
  qty: 1
  referenceNo: "33"
  orderId: "f2a97cf0-578a-4903-8515-c38f0ca59c72"
  type: "Invoice Item"
  sourceId: "527a06df-017c-4aff-9d81-07da9644c23f"
  Income:Sales:SalesItem:SellBespokeorotherFee -67000 HKD
  category: "Natural Diamond"
  sku: "DDFFFFFF0800005413503282"
  qty: 1
  referenceNo: "33"
  orderId: "f2a97cf0-578a-4903-8515-c38f0ca59c72"
  type: "Invoice Item"
  sourceId: "e8e35b4d-5dc1-46fb-8f86-86a20ec4251f"
  Assets:CurrentAssets:AccountReceivable
  referenceNo: "33"
  orderId: "f2a97cf0-578a-4903-8515-c38f0ca59c72"
  type: "Invoice"
  sourceId: "f2a97cf0-578a-4903-8515-c38f0ca59c72"
  contact: "852 94728454 (MR. WAN ISAAC) [e3b38c1f-182d-46d8-b0c7-e0c24d38b31a]"
2022-07-05 * "Invoice #60 INV-0086"
  Income:Sales:SalesItem:SellDiamond -57600 HKD
  category: "Natural Diamond"
  sku: "DDFFFFFF0800002426392166"
  qty: 1
  referenceNo: "60"
  orderId: "ab1d9222-4f94-4e6a-91fe-56b4e2d674f4"
  type: "Invoice Item"
  sourceId: "b4f5bed9-7d8b-430d-b8be-10d106a466c4"
  Income:Sales:SalesItem:Sell18kJewelry -0 HKD
  category: "Ring Setting"
  sku: "DDFFFFFF0B00000000000122"
  qty: 1
  referenceNo: "60"
  orderId: "ab1d9222-4f94-4e6a-91fe-56b4e2d674f4"
  type: "Invoice Item"
  sourceId: "14f0ddca-da8d-42d2-9fde-6967514ff88b"
  Assets:CurrentAssets:AccountReceivable
  referenceNo: "60"
  orderId: "ab1d9222-4f94-4e6a-91fe-56b4e2d674f4"
  type: "Invoice"
  sourceId: "ab1d9222-4f94-4e6a-91fe-56b4e2d674f4"
  contact: "852 95847684 (MR. LAU MYRON) [e7b5d123-b6eb-4c44-9ade-6eb5eaf94e87]"
2022-07-05 * "Bill #378 kpay012"
  referenceNo: "378"
  orderId: "1ea90fd4-d77f-4b97-964f-234d4c65278c"
  type: "Bill"
  Expenses:CardFeeExpense 935.5 HKD
  qty: "1"
  description: "KPAY - KPAY FEE"
  referenceNo: "378"
  orderId: "1ea90fd4-d77f-4b97-964f-234d4c65278c"
  type: "Bill Item"
  sourceId: "1804d235-fcbb-42b4-be9c-92703b39199a"
  Liabilities:CurrentLiabilities:AccountPayable
  referenceNo: "378"
  orderId: "1ea90fd4-d77f-4b97-964f-234d4c65278c"
  type: "Bill"
  sourceId: "1ea90fd4-d77f-4b97-964f-234d4c65278c"
  contact: "998 12345821 (KPAY) [5a706f32-7edc-48d8-ae47-62fee1e8bba1]"
2022-07-05 * "Bill #188 DK-06-07 #0087 GIA PURCHASE"
  referenceNo: "188"
  orderId: "6ad0f8a8-7547-4d6d-9735-bcbf0673b6c6"
  type: "Bill"
  Expenses:CostOfSales:Purchase:PurchaseItem:BuyBespoke 54840.66 HKD
  category: "Natural Diamond"
  sku: "DDFFFFFF0800005413503282"
  qty: 1
  referenceNo: "188"
  orderId: "6ad0f8a8-7547-4d6d-9735-bcbf0673b6c6"
  type: "Bill Item"
  sourceId: "cb2b3131-2884-4fc3-96b6-342652cdd832"
  Liabilities:CurrentLiabilities:AccountPayable
  referenceNo: "188"
  orderId: "6ad0f8a8-7547-4d6d-9735-bcbf0673b6c6"
  type: "Bill"
  sourceId: "6ad0f8a8-7547-4d6d-9735-bcbf0673b6c6"
  contact: "998 12345690 (BELMOND) [bd69dd8e-67e6-4347-b6bd-f569752098ec]"
2022-07-05 * "Bill #649 SI-10261 #0087"
  referenceNo: "649"
  orderId: "cc8f09e7-f6dd-495d-9756-955db9a04696"
  type: "Bill"
  Expenses:CostOfSales:Purchase:PurchaseItem:Buy18kJewelry 1874 HKD
  category: "Ring Setting"
  sku: "DDFFFFFF0B00000000000123"
  qty: 1
  referenceNo: "649"
  orderId: "cc8f09e7-f6dd-495d-9756-955db9a04696"
  type: "Bill Item"
  sourceId: "d70933e7-89e3-462a-8979-186cb59cef63"
  Liabilities:CurrentLiabilities:AccountPayable
  referenceNo: "649"
  orderId: "cc8f09e7-f6dd-495d-9756-955db9a04696"
  type: "Bill"
  sourceId: "cc8f09e7-f6dd-495d-9756-955db9a04696"
  contact: "998 12345767 (SkyHigh Holdings Group Ltd) [efdca012-5d6e-4361-8ec7-f5566615d58a]"
2022-07-05 * "Assets:CurrentAssets:Bank:KpayBank" "Invoice Payment for Invoice #33 #a9d48851-152b-4d48-9d42-03dbbd46e000"
  Assets:CurrentAssets:Bank:KpayBank 33500 HKD
  type: "Invoice Payment"
  sourceId: "a9d48851-152b-4d48-9d42-03dbbd46e000"
  referenceNo: "33"
  orderId: "f2a97cf0-578a-4903-8515-c38f0ca59c72"
  Assets:CurrentAssets:AccountReceivable -33500 HKD
  type: "Invoice Payment"
  sourceId: "a9d48851-152b-4d48-9d42-03dbbd46e000"
  referenceNo: "33"
  orderId: "f2a97cf0-578a-4903-8515-c38f0ca59c72"
  contact: "852 94728454 (MR. WAN ISAAC) [e3b38c1f-182d-46d8-b0c7-e0c24d38b31a]"
2022-07-05 * "Assets:CurrentAssets:Bank:KpayBank" "Invoice Payment for Invoice #60 #e7b5b494-3df8-4410-a733-161d869ff08a"
  Assets:CurrentAssets:Bank:KpayBank 28800 HKD
  type: "Invoice Payment"
  sourceId: "e7b5b494-3df8-4410-a733-161d869ff08a"
  referenceNo: "60"
  orderId: "ab1d9222-4f94-4e6a-91fe-56b4e2d674f4"
  Assets:CurrentAssets:AccountReceivable -28800 HKD
  type: "Invoice Payment"
  sourceId: "e7b5b494-3df8-4410-a733-161d869ff08a"
  referenceNo: "60"
  orderId: "ab1d9222-4f94-4e6a-91fe-56b4e2d674f4"
  contact: "852 95847684 (MR. LAU MYRON) [e7b5d123-b6eb-4c44-9ade-6eb5eaf94e87]"
2022-07-05 * "998 12345690 (BELMOND) [bd69dd8e-67e6-4347-b6bd-f569752098ec]" "Bill Payment for Bill #188 #d9970e11-32d7-46fc-902e-69ab67a57ffd"
  contact: "998 12345690 (BELMOND) [bd69dd8e-67e6-4347-b6bd-f569752098ec]"
  Liabilities:CurrentLiabilities:AccountPayable 54840.66 HKD
  type: "Bill Payment"
  sourceId: "d9970e11-32d7-46fc-902e-69ab67a57ffd"
  referenceNo: "188"
  orderId: "6ad0f8a8-7547-4d6d-9735-bcbf0673b6c6"
  Assets:CurrentAssets:Bank:BocSavingBank -54840.66 HKD
  type: "Bill Payment"
  sourceId: "d9970e11-32d7-46fc-902e-69ab67a57ffd"
  referenceNo: "188"
  orderId: "6ad0f8a8-7547-4d6d-9735-bcbf0673b6c6"
2022-07-05 * "998 12345821 (KPAY) [5a706f32-7edc-48d8-ae47-62fee1e8bba1]" "Bill Payment for Bill #378 #fac78685-aebf-4e80-b7c6-3c9906955647"
  contact: "998 12345821 (KPAY) [5a706f32-7edc-48d8-ae47-62fee1e8bba1]"
  Liabilities:CurrentLiabilities:AccountPayable 935.5 HKD
  type: "Bill Payment"
  sourceId: "fac78685-aebf-4e80-b7c6-3c9906955647"
  referenceNo: "378"
  orderId: "1ea90fd4-d77f-4b97-964f-234d4c65278c"
  Assets:CurrentAssets:Bank:KpayBank -935.5 HKD
  type: "Bill Payment"
  sourceId: "fac78685-aebf-4e80-b7c6-3c9906955647"
  referenceNo: "378"
  orderId: "1ea90fd4-d77f-4b97-964f-234d4c65278c"
2022-07-06 * "Invoice #26 INV-0088 MR. WONG CYRUS"
  Income:Sales:SalesItem:SellDiamond -61800 HKD
  category: "Natural Diamond"
  sku: "DDFFFFFF0800002426722816"
  qty: 1
  referenceNo: "26"
  orderId: "be8184d9-d2a2-4de1-8119-1b950bd8af89"
  type: "Invoice Item"
  sourceId: "cd0822f7-c058-4651-a9ed-376e45711e77"
  Income:Sales:SalesItem:Sell18kJewelry -0 HKD
  category: "Ring Setting"
  sku: "DDFFFFFF0B00000000000124"
  qty: 1
  referenceNo: "26"
  orderId: "be8184d9-d2a2-4de1-8119-1b950bd8af89"
  type: "Invoice Item"
  sourceId: "5b2a1afa-0239-4b1e-baff-661bec9324c4"
  Assets:CurrentAssets:AccountReceivable
  referenceNo: "26"
  orderId: "be8184d9-d2a2-4de1-8119-1b950bd8af89"
  type: "Invoice"
  sourceId: "be8184d9-d2a2-4de1-8119-1b950bd8af89"
  contact: "852 61505064 (MR. WONG CYRUS) [ce2202db-c730-46e9-955e-c10ce8d2327d]"
2022-07-06 * "Bill #80 kpay013"
  referenceNo: "80"
  orderId: "f2491c56-bd4b-48e3-8492-ba2ba8ed17f6"
  type: "Bill"
  Expenses:CardFeeExpense 464.5 HKD
  qty: "1"
  description: "KPAY FEE"
  referenceNo: "80"
  orderId: "f2491c56-bd4b-48e3-8492-ba2ba8ed17f6"
  type: "Bill Item"
  sourceId: "59cd35eb-7b0d-44e9-9b4a-cf8c192d7b23"
  Liabilities:CurrentLiabilities:AccountPayable
  referenceNo: "80"
  orderId: "f2491c56-bd4b-48e3-8492-ba2ba8ed17f6"
  type: "Bill"
  sourceId: "f2491c56-bd4b-48e3-8492-ba2ba8ed17f6"
  contact: "998 12345821 (KPAY) [5a706f32-7edc-48d8-ae47-62fee1e8bba1]"
2022-07-06 * "Assets:CurrentAssets:Bank:KpayBank" "Invoice Payment for Invoice #26 #1e773929-5ec9-43d0-a283-211dd5805eab"
  Assets:CurrentAssets:Bank:KpayBank 30900 HKD
  type: "Invoice Payment"
  sourceId: "1e773929-5ec9-43d0-a283-211dd5805eab"
  referenceNo: "26"
  orderId: "be8184d9-d2a2-4de1-8119-1b950bd8af89"
  Assets:CurrentAssets:AccountReceivable -30900 HKD
  type: "Invoice Payment"
  sourceId: "1e773929-5ec9-43d0-a283-211dd5805eab"
  referenceNo: "26"
  orderId: "be8184d9-d2a2-4de1-8119-1b950bd8af89"
  contact: "852 61505064 (MR. WONG CYRUS) [ce2202db-c730-46e9-955e-c10ce8d2327d]"
2022-07-06 * "998 12345821 (KPAY) [5a706f32-7edc-48d8-ae47-62fee1e8bba1]" "Bill Payment for Bill #80 #da0fd80b-9923-4e38-98a3-68fc00821f32"
  contact: "998 12345821 (KPAY) [5a706f32-7edc-48d8-ae47-62fee1e8bba1]"
  Liabilities:CurrentLiabilities:AccountPayable 464.5 HKD
  type: "Bill Payment"
  sourceId: "da0fd80b-9923-4e38-98a3-68fc00821f32"
  referenceNo: "80"
  orderId: "f2491c56-bd4b-48e3-8492-ba2ba8ed17f6"
  Assets:CurrentAssets:Bank:KpayBank -464.5 HKD
  type: "Bill Payment"
  sourceId: "da0fd80b-9923-4e38-98a3-68fc00821f32"
  referenceNo: "80"
  orderId: "f2491c56-bd4b-48e3-8492-ba2ba8ed17f6"
2022-07-07 * "Assets:CurrentAssets:Bank:BocSavingBank" "Invoice Payment for Invoice #8 #77b2bd97-933b-4460-af30-b0896bd22fc7"
  Assets:CurrentAssets:Bank:BocSavingBank 9300 HKD
  type: "Invoice Payment"
  sourceId: "77b2bd97-933b-4460-af30-b0896bd22fc7"
  referenceNo: "8"
  orderId: "0daa4f9c-99da-408e-b28f-b5e88616bc68"
  Assets:CurrentAssets:AccountReceivable -9300 HKD
  type: "Invoice Payment"
  sourceId: "77b2bd97-933b-4460-af30-b0896bd22fc7"
  referenceNo: "8"
  orderId: "0daa4f9c-99da-408e-b28f-b5e88616bc68"
  contact: "852 68990920 (MS. POON PHOEBE) [9d8efe39-6f10-48ab-9e60-e6376bfb0379]"
2022-07-08 * "Bill #652 INV-220718 INV-0071"
  referenceNo: "652"
  orderId: "4903be51-8caa-48b7-b33f-02682f69e13e"
  type: "Bill"
  Expenses:CostOfSales:Purchase:PurchaseItem:BuyBespoke 900 HKD
  category: "Other"
  sku: "Processing 034"
  qty: 1
  referenceNo: "652"
  orderId: "4903be51-8caa-48b7-b33f-02682f69e13e"
  type: "Bill Item"
  sourceId: "ed37013c-920f-46f8-9003-c73d9266b592"
  Assets:CurrentAssets:ShopInventory:Jewelry -900 HKD
  category: "Other"
  sku: "Processing 034"
  qty: -1
  referenceNo: "652"
  orderId: "4903be51-8caa-48b7-b33f-02682f69e13e"
  type: "Bill Item"
  sourceId: "3fc7c579-2353-443c-afad-38059e710376"
  Assets:CurrentAssets:ShopInventory:Jewelry -2066 HKD
  category: "Ring Setting"
  sku: "DDFFFFFF0B00000000000109"
  qty: -1
  referenceNo: "652"
  orderId: "4903be51-8caa-48b7-b33f-02682f69e13e"
  type: "Bill Item"
  sourceId: "0092cc23-5edb-471e-872d-7887fab4f484"
  Assets:CurrentAssets:ShopInventory:Jewelry 2966 HKD
  category: "Ring Setting"
  sku: "DDFFFFFF0B00000000000109"
  qty: 1
  referenceNo: "652"
  orderId: "4903be51-8caa-48b7-b33f-02682f69e13e"
  type: "Bill Item"
  sourceId: "42133708-ed94-4a88-b7ff-09b776ddc062"
  Liabilities:CurrentLiabilities:AccountPayable
  referenceNo: "652"
  orderId: "4903be51-8caa-48b7-b33f-02682f69e13e"
  type: "Bill"
  sourceId: "4903be51-8caa-48b7-b33f-02682f69e13e"
  contact: "998 12345740 (PRESSURE WORK DESIGN CONSULTANTS) [205398a5-a6c5-4a09-938a-7308f6334f41]"
2022-07-08 * "998 12345740 (PRESSURE WORK DESIGN CONSULTANTS) [205398a5-a6c5-4a09-938a-7308f6334f41]" "Bill Payment for Bill #652 #af9fa292-bc45-478a-b0f9-f773692af42f"
  contact: "998 12345740 (PRESSURE WORK DESIGN CONSULTANTS) [205398a5-a6c5-4a09-938a-7308f6334f41]"
  Liabilities:CurrentLiabilities:AccountPayable 900 HKD
  type: "Bill Payment"
  sourceId: "af9fa292-bc45-478a-b0f9-f773692af42f"
  referenceNo: "652"
  orderId: "4903be51-8caa-48b7-b33f-02682f69e13e"
  Assets:CurrentAssets:Cash:CashInHand -900 HKD
  type: "Bill Payment"
  sourceId: "af9fa292-bc45-478a-b0f9-f773692af42f"
  referenceNo: "652"
  orderId: "4903be51-8caa-48b7-b33f-02682f69e13e"
2022-07-09 * "Invoice #44 INV-0089 (ROLEX)"
  Income:Sales:SalesItem:SellWatch -446200 HKD
  category: "Jewelry"
  sku: "WATCH002"
  qty: 1
  referenceNo: "44"
  orderId: "b05ff030-fd23-4adb-b15c-f6bcb71e4b4d"
  type: "Invoice Item"
  sourceId: "8ad28b8c-3c49-4952-8945-67de03342983"
  Assets:CurrentAssets:AccountReceivable
  referenceNo: "44"
  orderId: "b05ff030-fd23-4adb-b15c-f6bcb71e4b4d"
  type: "Invoice"
  sourceId: "b05ff030-fd23-4adb-b15c-f6bcb71e4b4d"
  contact: "852 90759084 (MR. WONG WAH) [cc697ba5-20d1-4746-8eb8-bcf43302ee77]"
2022-07-09 * "Assets:CurrentAssets:Cash:CashInHand" "Invoice Payment for Invoice #44 #8e94e6f7-923a-4091-8213-1eddebd02d36"
  Assets:CurrentAssets:Cash:CashInHand 46200 HKD
  type: "Invoice Payment"
  sourceId: "8e94e6f7-923a-4091-8213-1eddebd02d36"
  referenceNo: "44"
  orderId: "b05ff030-fd23-4adb-b15c-f6bcb71e4b4d"
  Assets:CurrentAssets:AccountReceivable -46200 HKD
  type: "Invoice Payment"
  sourceId: "8e94e6f7-923a-4091-8213-1eddebd02d36"
  referenceNo: "44"
  orderId: "b05ff030-fd23-4adb-b15c-f6bcb71e4b4d"
  contact: "852 90759084 (MR. WONG WAH) [cc697ba5-20d1-4746-8eb8-bcf43302ee77]"
2022-07-09 * "Assets:CurrentAssets:Bank:C中銀卡機Bank" "Invoice Payment for Invoice #23 #af1ba668-04df-43a3-af42-384375d15239"
  Assets:CurrentAssets:Bank:C中銀卡機Bank 42250 HKD
  type: "Invoice Payment"
  sourceId: "af1ba668-04df-43a3-af42-384375d15239"
  referenceNo: "23"
  orderId: "31c606d4-433f-4319-a9dd-4c570059dc19"
  Assets:CurrentAssets:AccountReceivable -42250 HKD
  type: "Invoice Payment"
  sourceId: "af1ba668-04df-43a3-af42-384375d15239"
  referenceNo: "23"
  orderId: "31c606d4-433f-4319-a9dd-4c570059dc19"
  contact: "852 51604819 (MR. LAM MARCUS) [548f6788-4450-4a95-8ff0-5e745316bae3]"
2022-07-10 * "Invoice #168 INV-0090 MR. CHEUNG WADE"
  Income:Sales:SalesItem:SellDiamond -86300 HKD
  category: "Natural Diamond"
  sku: "DDFFFFFF0800006382579166"
  qty: 1
  referenceNo: "168"
  orderId: "39844198-aca7-48e8-ab4d-708ffe62d8d1"
  type: "Invoice Item"
  sourceId: "83835e54-868e-4f26-a10d-ba0b0c7e3c4c"
  Income:Sales:SalesItem:SellBespokeorotherFee -4500 HKD
  category: "Ring Setting"
  sku: "DDFFFFFF0B00000000000125"
  qty: 1
  referenceNo: "168"
  orderId: "39844198-aca7-48e8-ab4d-708ffe62d8d1"
  type: "Invoice Item"
  sourceId: "798a0d46-4eb6-40db-b48f-34412a4d5932"
  Assets:CurrentAssets:AccountReceivable
  referenceNo: "168"
  orderId: "39844198-aca7-48e8-ab4d-708ffe62d8d1"
  type: "Invoice"
  sourceId: "39844198-aca7-48e8-ab4d-708ffe62d8d1"
  contact: "852 93296925 (MR. CHEUNG WADE) [86a61208-1524-42ad-9487-38bd97e2e585]"
2022-07-10 * "Bill #650 NO.220917 #0090"
  referenceNo: "650"
  orderId: "103d0fab-6812-46e1-8392-afc559100c50"
  type: "Bill"
  Expenses:CostOfSales:Purchase:PurchaseItem:BuyBespoke 3600 HKD
  category: "Ring Setting"
  sku: "DDFFFFFF0B00000000000125"
  qty: 1
  referenceNo: "650"
  orderId: "103d0fab-6812-46e1-8392-afc559100c50"
  type: "Bill Item"
  sourceId: "aeb68adb-ba89-463a-bb6d-36e482f0dbdd"
  Liabilities:CurrentLiabilities:AccountPayable
  referenceNo: "650"
  orderId: "103d0fab-6812-46e1-8392-afc559100c50"
  type: "Bill"
  sourceId: "103d0fab-6812-46e1-8392-afc559100c50"
  contact: "998 12345740 (PRESSURE WORK DESIGN CONSULTANTS) [205398a5-a6c5-4a09-938a-7308f6334f41]"
2022-07-10 * "Assets:CurrentAssets:Bank:C中銀卡機Bank" "Invoice Payment for Invoice #168 #cbb6cf0b-373a-4b94-a537-729d863ce27d"
  Assets:CurrentAssets:Bank:C中銀卡機Bank 43150 HKD
  type: "Invoice Payment"
  sourceId: "cbb6cf0b-373a-4b94-a537-729d863ce27d"
  referenceNo: "168"
  orderId: "39844198-aca7-48e8-ab4d-708ffe62d8d1"
  Assets:CurrentAssets:AccountReceivable -43150 HKD
  type: "Invoice Payment"
  sourceId: "cbb6cf0b-373a-4b94-a537-729d863ce27d"
  referenceNo: "168"
  orderId: "39844198-aca7-48e8-ab4d-708ffe62d8d1"
  contact: "852 93296925 (MR. CHEUNG WADE) [86a61208-1524-42ad-9487-38bd97e2e585]"
2022-07-10 * "Assets:CurrentAssets:Bank:BocSavingBank" "Invoice Payment for Invoice #204 #a8647db4-d8e0-407a-9b61-db6b4d47fb7a"
  Assets:CurrentAssets:Bank:BocSavingBank 25800 HKD
  type: "Invoice Payment"
  sourceId: "a8647db4-d8e0-407a-9b61-db6b4d47fb7a"
  referenceNo: "204"
  orderId: "0ccf161f-a3fa-4203-87c4-593ca3344420"
  Assets:CurrentAssets:AccountReceivable -25800 HKD
  type: "Invoice Payment"
  sourceId: "a8647db4-d8e0-407a-9b61-db6b4d47fb7a"
  referenceNo: "204"
  orderId: "0ccf161f-a3fa-4203-87c4-593ca3344420"
  contact: "852 62303775 (MR. TSZ OSCAR) [06ea6b58-da68-47cb-8b2b-debd0a316b60]"
2022-07-11 * "Bill #344 kpay039"
  referenceNo: "344"
  orderId: "5342e860-dca5-4b7f-8ea4-0a89f995a9d7"
  type: "Bill"
  Expenses:CardFeeExpense 406 HKD
  qty: "1"
  description: "KPAY FEE"
  referenceNo: "344"
  orderId: "5342e860-dca5-4b7f-8ea4-0a89f995a9d7"
  type: "Bill Item"
  sourceId: "3c6653a1-90ad-4e9d-9cb5-8d9f49f364bb"
  Liabilities:CurrentLiabilities:AccountPayable
  referenceNo: "344"
  orderId: "5342e860-dca5-4b7f-8ea4-0a89f995a9d7"
  type: "Bill"
  sourceId: "5342e860-dca5-4b7f-8ea4-0a89f995a9d7"
  contact: "998 12345821 (KPAY) [5a706f32-7edc-48d8-ae47-62fee1e8bba1]"
2022-07-11 * "Bill #1250 323 22年7-10月電話費"
  referenceNo: "1250"
  orderId: "df95bdab-b002-4b75-99d2-f6372e04f87d"
  type: "Bill"
  Expenses:TelephoneAndInternetAndAlarm 299 HKD
  qty: "1"
  description: "323 22年7-10月電話費"
  referenceNo: "1250"
  orderId: "df95bdab-b002-4b75-99d2-f6372e04f87d"
  type: "Bill Item"
  sourceId: "9076efa8-1af4-4479-992a-279484ba5c4f"
  Liabilities:CurrentLiabilities:AccountPayable
  referenceNo: "1250"
  orderId: "df95bdab-b002-4b75-99d2-f6372e04f87d"
  type: "Bill"
  sourceId: "df95bdab-b002-4b75-99d2-f6372e04f87d"
  contact: "880 806 () [53b8789a-4451-4a1f-84f7-a9c5da7ada1a]"
2022-07-11 * "880 806 () [53b8789a-4451-4a1f-84f7-a9c5da7ada1a]" "Bill Payment for Bill #1250 #7d19c7bf-fabe-456d-b33c-189385eef2c3"
  contact: "880 806 () [53b8789a-4451-4a1f-84f7-a9c5da7ada1a]"
  Liabilities:CurrentLiabilities:AccountPayable 299 HKD
  type: "Bill Payment"
  sourceId: "7d19c7bf-fabe-456d-b33c-189385eef2c3"
  referenceNo: "1250"
  orderId: "df95bdab-b002-4b75-99d2-f6372e04f87d"
  Liabilities:CurrentLiabilities:CurrentAccount:C-a-MilrichElectronicsHkCoLtd -299 HKD
  type: "Bill Payment"
  sourceId: "7d19c7bf-fabe-456d-b33c-189385eef2c3"
  referenceNo: "1250"
  orderId: "df95bdab-b002-4b75-99d2-f6372e04f87d"
2022-07-12 * "Bill #321 SI-10275 INV-0043 INV-0046"
  referenceNo: "321"
  orderId: "62a35dff-bd41-4dca-815e-b4f8cae7d28a"
  type: "Bill"
  Expenses:CostOfSales:Purchase:PurchaseItem:BuyCost-ProcessingFee 900 HKD
  category: "Other"
  sku: "Processing 033"
  qty: 1
  referenceNo: "321"
  orderId: "62a35dff-bd41-4dca-815e-b4f8cae7d28a"
  type: "Bill Item"
  sourceId: "67144ce8-caa3-41f2-a4d2-83599dcf12d8"
  Expenses:CostOfSales:Purchase:PurchaseItem:BuyCost-ProcessingFee 900 HKD
  category: "Other"
  sku: "Processing 002"
  qty: 1
  referenceNo: "321"
  orderId: "62a35dff-bd41-4dca-815e-b4f8cae7d28a"
  type: "Bill Item"
  sourceId: "60419607-8698-4f8a-bf99-c78e7a13af55"
  Liabilities:CurrentLiabilities:AccountPayable
  referenceNo: "321"
  orderId: "62a35dff-bd41-4dca-815e-b4f8cae7d28a"
  type: "Bill"
  sourceId: "62a35dff-bd41-4dca-815e-b4f8cae7d28a"
  contact: "998 12345767 (SkyHigh Holdings Group Ltd) [efdca012-5d6e-4361-8ec7-f5566615d58a]"
2022-07-12 * "Bill #200 INV-202207002 #0089 WATCH PURCHASE"
  referenceNo: "200"
  orderId: "da73eed2-7359-4b47-aaaf-8ecee438d146"
  type: "Bill"
  Expenses:CostOfSales:Purchase:PurchaseItem:BuyWatch 425000 HKD
  category: "Jewelry"
  sku: "WATCH002"
  qty: 1
  referenceNo: "200"
  orderId: "da73eed2-7359-4b47-aaaf-8ecee438d146"
  type: "Bill Item"
  sourceId: "e1d27b3f-8497-4217-8c57-244b21cb0813"
  Liabilities:CurrentLiabilities:AccountPayable
  referenceNo: "200"
  orderId: "da73eed2-7359-4b47-aaaf-8ecee438d146"
  type: "Bill"
  sourceId: "da73eed2-7359-4b47-aaaf-8ecee438d146"
  contact: "998 12345695 (Bellagio Trading Ltd) [eeee603f-2709-4f03-9125-35f2e05e152d]"
2022-07-12 * "Assets:CurrentAssets:Bank:BocSavingBank" "Invoice Payment for Invoice #44 #32ffa7e5-42f0-47ee-91c2-ac846d14b36f"
  Assets:CurrentAssets:Bank:BocSavingBank 400000 HKD
  type: "Invoice Payment"
  sourceId: "32ffa7e5-42f0-47ee-91c2-ac846d14b36f"
  referenceNo: "44"
  orderId: "b05ff030-fd23-4adb-b15c-f6bcb71e4b4d"
  Assets:CurrentAssets:AccountReceivable -400000 HKD
  type: "Invoice Payment"
  sourceId: "32ffa7e5-42f0-47ee-91c2-ac846d14b36f"
  referenceNo: "44"
  orderId: "b05ff030-fd23-4adb-b15c-f6bcb71e4b4d"
  contact: "852 90759084 (MR. WONG WAH) [cc697ba5-20d1-4746-8eb8-bcf43302ee77]"
2022-07-12 * "998 12345695 (Bellagio Trading Ltd) [eeee603f-2709-4f03-9125-35f2e05e152d]" "Bill Payment for Bill #200 #d065a9fb-64f6-4285-8816-224a7570e9ca"
  contact: "998 12345695 (Bellagio Trading Ltd) [eeee603f-2709-4f03-9125-35f2e05e152d]"
  Liabilities:CurrentLiabilities:AccountPayable 425000 HKD
  type: "Bill Payment"
  sourceId: "d065a9fb-64f6-4285-8816-224a7570e9ca"
  referenceNo: "200"
  orderId: "da73eed2-7359-4b47-aaaf-8ecee438d146"
  Assets:CurrentAssets:Bank:BocSavingBank -425000 HKD
  type: "Bill Payment"
  sourceId: "d065a9fb-64f6-4285-8816-224a7570e9ca"
  referenceNo: "200"
  orderId: "da73eed2-7359-4b47-aaaf-8ecee438d146"
2022-07-13 * "Bill #201 BANK CHARGE"
  referenceNo: "201"
  orderId: "74618ef8-4506-4508-8072-a33e6e6659d3"
  type: "Bill"
  Expenses:BankFeesExpense 25 HKD
  qty: "1"
  description: "BANK - Bank Charge"
  referenceNo: "201"
  orderId: "74618ef8-4506-4508-8072-a33e6e6659d3"
  type: "Bill Item"
  sourceId: "8b3450bf-f192-46a7-bf2b-12e9dcf3a863"
  Liabilities:CurrentLiabilities:AccountPayable
  referenceNo: "201"
  orderId: "74618ef8-4506-4508-8072-a33e6e6659d3"
  type: "Bill"
  sourceId: "74618ef8-4506-4508-8072-a33e6e6659d3"
  contact: "880 806 () [53b8789a-4451-4a1f-84f7-a9c5da7ada1a]"
2022-07-13 * "880 806 () [53b8789a-4451-4a1f-84f7-a9c5da7ada1a]" "Bill Payment for Bill #201 #286c2a1f-e2e4-40ca-94dc-ee63416eae0a"
  contact: "880 806 () [53b8789a-4451-4a1f-84f7-a9c5da7ada1a]"
  Liabilities:CurrentLiabilities:AccountPayable 25 HKD
  type: "Bill Payment"
  sourceId: "286c2a1f-e2e4-40ca-94dc-ee63416eae0a"
  referenceNo: "201"
  orderId: "74618ef8-4506-4508-8072-a33e6e6659d3"
  Assets:CurrentAssets:Bank:BocSavingBank -25 HKD
  type: "Bill Payment"
  sourceId: "286c2a1f-e2e4-40ca-94dc-ee63416eae0a"
  referenceNo: "201"
  orderId: "74618ef8-4506-4508-8072-a33e6e6659d3"
2022-07-14 * "Invoice #79 INV-0091"
  Income:Sales:SalesItem:SellBespokeorotherFee -13500 HKD
  category: "Natural Diamond"
  sku: "DDFFFFFF0800001425725571"
  qty: 1
  referenceNo: "79"
  orderId: "43a03b09-a684-4ff2-9b96-b121380bf7fb"
  type: "Invoice Item"
  sourceId: "5f763cd5-a16d-484b-95c9-7768cfc01c0a"
  Income:Sales:SalesItem:SellBespokeorotherFee -3040 HKD
  category: "Ring Setting"
  sku: "DDFFFFFF0B00000000000127"
  qty: 1
  referenceNo: "79"
  orderId: "43a03b09-a684-4ff2-9b96-b121380bf7fb"
  type: "Invoice Item"
  sourceId: "48d4e868-6ca3-4017-8b80-064eb46d6980"
  Assets:CurrentAssets:AccountReceivable
  referenceNo: "79"
  orderId: "43a03b09-a684-4ff2-9b96-b121380bf7fb"
  type: "Invoice"
  sourceId: "43a03b09-a684-4ff2-9b96-b121380bf7fb"
  contact: "852 63457234 (MR. YIU FUNG) [90b44d9a-3c83-4d84-a449-14699ae0e85e]"
2022-07-14 * "Invoice #135 INV-0092"
  Income:Sales:SalesItem:SellBespokeorotherFee -17500 HKD
  category: "Natural Diamond"
  sku: "DDFFFFFF0800006422024760"
  qty: 1
  referenceNo: "135"
  orderId: "874e1cf1-192d-4288-9ae7-ebc052ee75e2"
  type: "Invoice Item"
  sourceId: "9fb3ec3d-d152-4c1e-9f3c-3464e9ff96a7"
  Income:Sales:SalesItem:Sell18kJewelry -2500 HKD
  category: "Ring Setting"
  sku: "DDFFFFFF0B00000000000128"
  qty: 1
  referenceNo: "135"
  orderId: "874e1cf1-192d-4288-9ae7-ebc052ee75e2"
  type: "Invoice Item"
  sourceId: "f48cdd17-2b84-4ba4-8cc3-a898d67522e2"
  Assets:CurrentAssets:AccountReceivable
  referenceNo: "135"
  orderId: "874e1cf1-192d-4288-9ae7-ebc052ee75e2"
  type: "Invoice"
  sourceId: "874e1cf1-192d-4288-9ae7-ebc052ee75e2"
  contact: "852 91237055 (MR. LUK FRANKIE) [23d373b5-2bba-4242-ba5a-1903a85fb9ac]"
2022-07-14 * "Bill #412 XS22072000079 #0091 #0094 GIA PURCHASE"
  referenceNo: "412"
  orderId: "081873b3-8826-441b-9505-4cdd47be90e3"
  type: "Bill"
  Expenses:CostOfSales:Purchase:PurchaseItem:BuyBespoke 10678 HKD
  category: "Natural Diamond"
  sku: "DDFFFFFF0800001425725571"
  qty: 1
  referenceNo: "412"
  orderId: "081873b3-8826-441b-9505-4cdd47be90e3"
  type: "Bill Item"
  sourceId: "aa013c94-94df-44a2-ba1a-1d1c17e5e2ea"
  Expenses:CostOfSales:Purchase:PurchaseItem:BuyBespoke 43754.78 HKD
  category: "Natural Diamond"
  sku: "DDFFFFFF0800007408630961"
  qty: 1
  referenceNo: "412"
  orderId: "081873b3-8826-441b-9505-4cdd47be90e3"
  type: "Bill Item"
  sourceId: "9e2a3a67-6a51-4d1c-8cbb-3a5786f3331b"
  Liabilities:CurrentLiabilities:AccountPayable
  referenceNo: "412"
  orderId: "081873b3-8826-441b-9505-4cdd47be90e3"
  type: "Bill"
  sourceId: "081873b3-8826-441b-9505-4cdd47be90e3"
  contact: "998 12345696 (CHINA STAR) [18f558fe-9c32-4da8-8102-e67648c847a2]"
2022-07-14 * "Bill #405 INV-64962 #0092 GIA PURCHASE"
  referenceNo: "405"
  orderId: "7837a0f1-eb4b-4e9a-bf27-fce9fea42a36"
  type: "Bill"
  Expenses:CostOfSales:Purchase:PurchaseItem:BuyBespoke 14653.94 HKD
  category: "Natural Diamond"
  sku: "DDFFFFFF0800006422024760"
  qty: 1
  referenceNo: "405"
  orderId: "7837a0f1-eb4b-4e9a-bf27-fce9fea42a36"
  type: "Bill Item"
  sourceId: "1e5b50df-00ac-44bc-b673-6e3dee675782"
  Liabilities:CurrentLiabilities:AccountPayable
  referenceNo: "405"
  orderId: "7837a0f1-eb4b-4e9a-bf27-fce9fea42a36"
  type: "Bill"
  sourceId: "7837a0f1-eb4b-4e9a-bf27-fce9fea42a36"
  contact: "998 12345714 (H&A HK TRADING LIMITED) [cee8ba01-a560-4e9c-87eb-8a642c66248b]"
2022-07-14 * "Bill #221 #154 DKJ1407 NEW GIA STOCK PURCHASE"
  referenceNo: "221"
  orderId: "24cb67c8-7558-4cae-8fd0-ec2f2fa74a78"
  type: "Bill"
  Expenses:CostOfSales:Purchase:PurchaseItem:BuyBespoke 51060.12 HKD
  category: "Natural Diamond"
  sku: "DDFFFFFF0800007438799530"
  qty: 1
  referenceNo: "221"
  orderId: "24cb67c8-7558-4cae-8fd0-ec2f2fa74a78"
  type: "Bill Item"
  sourceId: "9b62e61e-4547-4e52-8e93-d55d0e887c70"
  Expenses:CostOfSales:Purchase:PurchaseItem:BuyBespoke 52635 HKD
  category: "Natural Diamond"
  sku: "DDFFFFFF0800002414573524"
  qty: 1
  referenceNo: "221"
  orderId: "24cb67c8-7558-4cae-8fd0-ec2f2fa74a78"
  type: "Bill Item"
  sourceId: "98142a2c-017f-4b1f-bb42-dfe25959d0d0"
  Liabilities:CurrentLiabilities:AccountPayable
  referenceNo: "221"
  orderId: "24cb67c8-7558-4cae-8fd0-ec2f2fa74a78"
  type: "Bill"
  sourceId: "24cb67c8-7558-4cae-8fd0-ec2f2fa74a78"
  contact: "998 12345690 (BELMOND) [bd69dd8e-67e6-4347-b6bd-f569752098ec]"
2022-07-14 * "Assets:CurrentAssets:Bank:C中銀卡機Bank" "Invoice Payment for Invoice #135 #303635ed-a0be-404b-b45d-6d9e47771067"
  Assets:CurrentAssets:Bank:C中銀卡機Bank 10000 HKD
  type: "Invoice Payment"
  sourceId: "303635ed-a0be-404b-b45d-6d9e47771067"
  referenceNo: "135"
  orderId: "874e1cf1-192d-4288-9ae7-ebc052ee75e2"
  Assets:CurrentAssets:AccountReceivable -10000 HKD
  type: "Invoice Payment"
  sourceId: "303635ed-a0be-404b-b45d-6d9e47771067"
  referenceNo: "135"
  orderId: "874e1cf1-192d-4288-9ae7-ebc052ee75e2"
  contact: "852 91237055 (MR. LUK FRANKIE) [23d373b5-2bba-4242-ba5a-1903a85fb9ac]"
2022-07-14 * "Assets:CurrentAssets:Bank:C中銀卡機Bank" "Invoice Payment for Invoice #79 #6c2b4814-d874-4257-a76d-077eac532bd5"
  Assets:CurrentAssets:Bank:C中銀卡機Bank 6750 HKD
  type: "Invoice Payment"
  sourceId: "6c2b4814-d874-4257-a76d-077eac532bd5"
  referenceNo: "79"
  orderId: "43a03b09-a684-4ff2-9b96-b121380bf7fb"
  Assets:CurrentAssets:AccountReceivable -6750 HKD
  type: "Invoice Payment"
  sourceId: "6c2b4814-d874-4257-a76d-077eac532bd5"
  referenceNo: "79"
  orderId: "43a03b09-a684-4ff2-9b96-b121380bf7fb"
  contact: "852 63457234 (MR. YIU FUNG) [90b44d9a-3c83-4d84-a449-14699ae0e85e]"
2022-07-14 * "998 12345690 (BELMOND) [bd69dd8e-67e6-4347-b6bd-f569752098ec]" "Bill Payment for Bill #221 #233ac768-eec8-48c1-9749-3ac31f5364bc"
  contact: "998 12345690 (BELMOND) [bd69dd8e-67e6-4347-b6bd-f569752098ec]"
  Liabilities:CurrentLiabilities:AccountPayable 103695.12 HKD
  type: "Bill Payment"
  sourceId: "233ac768-eec8-48c1-9749-3ac31f5364bc"
  referenceNo: "221"
  orderId: "24cb67c8-7558-4cae-8fd0-ec2f2fa74a78"
  Assets:CurrentAssets:Bank:BocSavingBank -103695.12 HKD
  type: "Bill Payment"
  sourceId: "233ac768-eec8-48c1-9749-3ac31f5364bc"
  referenceNo: "221"
  orderId: "24cb67c8-7558-4cae-8fd0-ec2f2fa74a78"
2022-07-15 * "Invoice #63 INV-0094 MR. SIN ENOCH"
  Income:Sales:SalesItem:SellDiamond -53800 HKD
  category: "Natural Diamond"
  sku: "DDFFFFFF0800007408630961"
  qty: 1
  referenceNo: "63"
  orderId: "6436fa1d-e810-45fc-84a8-448fe78cd40a"
  type: "Invoice Item"
  sourceId: "2344166d-77d5-4d47-95ad-b6f147786bd9"
  Assets:CurrentAssets:AccountReceivable
  referenceNo: "63"
  orderId: "6436fa1d-e810-45fc-84a8-448fe78cd40a"
  type: "Invoice"
  sourceId: "6436fa1d-e810-45fc-84a8-448fe78cd40a"
  contact: "852 56456480 (MR. SIN ENOCH) [6e668564-493e-4c57-8b1a-c584e9055ae4]"
2022-07-15 * "Invoice #199 INV-0093 MR. CHEUNG BROOKE"
  Income:Sales:SalesItem:SellDiamond -48500 HKD
  category: "Natural Diamond"
  sku: "DDFFFFFF0800006281247398"
  qty: 1
  referenceNo: "199"
  orderId: "c7a9b971-cdaf-47b0-bc30-8be0f871f8fc"
  type: "Invoice Item"
  sourceId: "c165ebf7-24a5-4f4f-9aa4-2101d1133792"
  Income:Sales:SalesItem:Sell18kJewelry -3450 HKD
  category: "Ring Setting"
  sku: "DDFFFFFF0B00000000000129"
  qty: 1
  referenceNo: "199"
  orderId: "c7a9b971-cdaf-47b0-bc30-8be0f871f8fc"
  type: "Invoice Item"
  sourceId: "3a0f907c-c8af-43e7-95dd-74b4f0b43c99"
  Assets:CurrentAssets:AccountReceivable
  referenceNo: "199"
  orderId: "c7a9b971-cdaf-47b0-bc30-8be0f871f8fc"
  type: "Invoice"
  sourceId: "c7a9b971-cdaf-47b0-bc30-8be0f871f8fc"
  contact: "852 98238949 (MR. CHEUNG BROOKE) [a470a34e-8efc-4bb0-b6c4-92a1ba923d9b]"
2022-07-15 * "Bill #217 INV-0093 GIA PURCHASE, HK-22-23/B247"
  referenceNo: "217"
  orderId: "7ba6c526-50f4-4b55-9bc3-b3ee34a5ed0b"
  type: "Bill"
  Expenses:CostOfSales:Purchase:PurchaseItem:BuyDiamond 39550 HKD
  category: "Natural Diamond"
  sku: "DDFFFFFF0800006281247398"
  qty: 1
  referenceNo: "217"
  orderId: "7ba6c526-50f4-4b55-9bc3-b3ee34a5ed0b"
  type: "Bill Item"
  sourceId: "f9dd698d-4004-428a-acc6-86ac24348cdd"
  Liabilities:CurrentLiabilities:AccountPayable
  referenceNo: "217"
  orderId: "7ba6c526-50f4-4b55-9bc3-b3ee34a5ed0b"
  type: "Bill"
  sourceId: "7ba6c526-50f4-4b55-9bc3-b3ee34a5ed0b"
  contact: "998 12345782 (YEUNG'S DIAMOND (HONG KONG) CO. LTD.) [35da835b-83af-4049-97e3-d71d4599a012]"
2022-07-15 * "Bill #213 BANK FEE"
  referenceNo: "213"
  orderId: "9da9d8cc-53a3-4a3d-81bf-18e85d92c4a2"
  type: "Bill"
  Expenses:BankFeesExpense 55 HKD
  qty: "1"
  description: "BANK FEE"
  referenceNo: "213"
  orderId: "9da9d8cc-53a3-4a3d-81bf-18e85d92c4a2"
  type: "Bill Item"
  sourceId: "5f095cf1-a36d-48cf-9351-fa875b8e1db1"
  Liabilities:CurrentLiabilities:AccountPayable
  referenceNo: "213"
  orderId: "9da9d8cc-53a3-4a3d-81bf-18e85d92c4a2"
  type: "Bill"
  sourceId: "9da9d8cc-53a3-4a3d-81bf-18e85d92c4a2"
  contact: "880 806 () [53b8789a-4451-4a1f-84f7-a9c5da7ada1a]"
2022-07-15 * "Bill #215 BANK FEE - 55 (1)"
  referenceNo: "215"
  orderId: "c80d0fbf-a152-4a3b-9c45-5d87dc0fd08e"
  type: "Bill"
  Expenses:BankFeesExpense 55 HKD
  qty: "1"
  description: "BANK FEE"
  referenceNo: "215"
  orderId: "c80d0fbf-a152-4a3b-9c45-5d87dc0fd08e"
  type: "Bill Item"
  sourceId: "2f86797c-70b3-4de1-bacc-e3c53108c13d"
  Liabilities:CurrentLiabilities:AccountPayable
  referenceNo: "215"
  orderId: "c80d0fbf-a152-4a3b-9c45-5d87dc0fd08e"
  type: "Bill"
  sourceId: "c80d0fbf-a152-4a3b-9c45-5d87dc0fd08e"
  contact: "880 806 () [53b8789a-4451-4a1f-84f7-a9c5da7ada1a]"
2022-07-15 * "Assets:CurrentAssets:Bank:C中銀卡機Bank" "Invoice Payment for Invoice #199 #184d84ca-841f-405f-9ee7-1aa4b10ab656"
  Assets:CurrentAssets:Bank:C中銀卡機Bank 26000 HKD
  type: "Invoice Payment"
  sourceId: "184d84ca-841f-405f-9ee7-1aa4b10ab656"
  referenceNo: "199"
  orderId: "c7a9b971-cdaf-47b0-bc30-8be0f871f8fc"
  Assets:CurrentAssets:AccountReceivable -26000 HKD
  type: "Invoice Payment"
  sourceId: "184d84ca-841f-405f-9ee7-1aa4b10ab656"
  referenceNo: "199"
  orderId: "c7a9b971-cdaf-47b0-bc30-8be0f871f8fc"
  contact: "852 98238949 (MR. CHEUNG BROOKE) [a470a34e-8efc-4bb0-b6c4-92a1ba923d9b]"
2022-07-15 * "Assets:CurrentAssets:Bank:C中銀卡機Bank" "Invoice Payment for Invoice #63 #51aebcf3-3f48-45b2-8df6-43d96b2450a0"
  Assets:CurrentAssets:Bank:C中銀卡機Bank 53800 HKD
  type: "Invoice Payment"
  sourceId: "51aebcf3-3f48-45b2-8df6-43d96b2450a0"
  referenceNo: "63"
  orderId: "6436fa1d-e810-45fc-84a8-448fe78cd40a"
  Assets:CurrentAssets:AccountReceivable -53800 HKD
  type: "Invoice Payment"
  sourceId: "51aebcf3-3f48-45b2-8df6-43d96b2450a0"
  referenceNo: "63"
  orderId: "6436fa1d-e810-45fc-84a8-448fe78cd40a"
  contact: "852 56456480 (MR. SIN ENOCH) [6e668564-493e-4c57-8b1a-c584e9055ae4]"
2022-07-15 * "998 12345714 (H&A HK TRADING LIMITED) [cee8ba01-a560-4e9c-87eb-8a642c66248b]" "Bill Payment for Bill #405 #4e546c02-a908-4a1c-a911-3de179c168c7"
  contact: "998 12345714 (H&A HK TRADING LIMITED) [cee8ba01-a560-4e9c-87eb-8a642c66248b]"
  Liabilities:CurrentLiabilities:AccountPayable 14653.94 HKD
  type: "Bill Payment"
  sourceId: "4e546c02-a908-4a1c-a911-3de179c168c7"
  referenceNo: "405"
  orderId: "7837a0f1-eb4b-4e9a-bf27-fce9fea42a36"
  Assets:CurrentAssets:Bank:BocSavingBank -14653.94 HKD
  type: "Bill Payment"
  sourceId: "4e546c02-a908-4a1c-a911-3de179c168c7"
  referenceNo: "405"
  orderId: "7837a0f1-eb4b-4e9a-bf27-fce9fea42a36"
2022-07-15 * "880 806 () [53b8789a-4451-4a1f-84f7-a9c5da7ada1a]" "Bill Payment for Bill #213 #eab4d51f-1f37-4704-a2fd-241ea0c968be"
  contact: "880 806 () [53b8789a-4451-4a1f-84f7-a9c5da7ada1a]"
  Liabilities:CurrentLiabilities:AccountPayable 55 HKD
  type: "Bill Payment"
  sourceId: "eab4d51f-1f37-4704-a2fd-241ea0c968be"
  referenceNo: "213"
  orderId: "9da9d8cc-53a3-4a3d-81bf-18e85d92c4a2"
  Assets:CurrentAssets:Bank:BocSavingBank -55 HKD
  type: "Bill Payment"
  sourceId: "eab4d51f-1f37-4704-a2fd-241ea0c968be"
  referenceNo: "213"
  orderId: "9da9d8cc-53a3-4a3d-81bf-18e85d92c4a2"
2022-07-15 * "880 806 () [53b8789a-4451-4a1f-84f7-a9c5da7ada1a]" "Bill Payment for Bill #215 #a4d8fe47-3085-4327-9227-f94205ce9b74"
  contact: "880 806 () [53b8789a-4451-4a1f-84f7-a9c5da7ada1a]"
  Liabilities:CurrentLiabilities:AccountPayable 55 HKD
  type: "Bill Payment"
  sourceId: "a4d8fe47-3085-4327-9227-f94205ce9b74"
  referenceNo: "215"
  orderId: "c80d0fbf-a152-4a3b-9c45-5d87dc0fd08e"
  Assets:CurrentAssets:Bank:BocSavingBank -55 HKD
  type: "Bill Payment"
  sourceId: "a4d8fe47-3085-4327-9227-f94205ce9b74"
  referenceNo: "215"
  orderId: "c80d0fbf-a152-4a3b-9c45-5d87dc0fd08e"
2022-07-15 * "998 12345696 (CHINA STAR) [18f558fe-9c32-4da8-8102-e67648c847a2]" "Bill Payment for Bill #412 #099317fa-71ed-45d7-9e00-2ed40c208209"
  contact: "998 12345696 (CHINA STAR) [18f558fe-9c32-4da8-8102-e67648c847a2]"
  Liabilities:CurrentLiabilities:AccountPayable 32267 HKD
  type: "Bill Payment"
  sourceId: "099317fa-71ed-45d7-9e00-2ed40c208209"
  referenceNo: "412"
  orderId: "081873b3-8826-441b-9505-4cdd47be90e3"
  Assets:CurrentAssets:Bank:BocSavingBank -32267 HKD
  type: "Bill Payment"
  sourceId: "099317fa-71ed-45d7-9e00-2ed40c208209"
  referenceNo: "412"
  orderId: "081873b3-8826-441b-9505-4cdd47be90e3"
2022-07-16 * "998 12345767 (SkyHigh Holdings Group Ltd) [efdca012-5d6e-4361-8ec7-f5566615d58a]" "Bill Payment for Bill #625 #9b8279ed-dbad-4267-ae89-00370c4392d9"
  contact: "998 12345767 (SkyHigh Holdings Group Ltd) [efdca012-5d6e-4361-8ec7-f5566615d58a]"
  Liabilities:CurrentLiabilities:AccountPayable 1040 HKD
  type: "Bill Payment"
  sourceId: "9b8279ed-dbad-4267-ae89-00370c4392d9"
  referenceNo: "625"
  orderId: "72c72dd3-0925-41bb-8161-94e5423462f6"
  Assets:CurrentAssets:TradeDeposit:TradeDeposit-SkyhighHoldingsGroupLtd -1040 HKD
  type: "Bill Payment"
  sourceId: "9b8279ed-dbad-4267-ae89-00370c4392d9"
  referenceNo: "625"
  orderId: "72c72dd3-0925-41bb-8161-94e5423462f6"
2022-07-18 * "Invoice #173 INV-0095 MR.SZE DELONG"
  Income:Sales:SalesItem:SellDiamond -146600 HKD
  category: "Natural Diamond"
  sku: "DDFFFFFF0800006431910783"
  qty: 1
  referenceNo: "173"
  orderId: "c2fdba38-1d41-4815-b9c3-f13cb3775856"
  type: "Invoice Item"
  sourceId: "7808daf8-885b-47e8-978c-a79347168f31"
  Income:Sales:SalesItem:SellBespokeorotherFee -0 HKD
  category: "Ring Setting"
  sku: "DDFFFFFF0B00000000000131"
  qty: 1
  referenceNo: "173"
  orderId: "c2fdba38-1d41-4815-b9c3-f13cb3775856"
  type: "Invoice Item"
  sourceId: "babda137-3743-4f69-adf4-9144f203e491"
  Assets:CurrentAssets:AccountReceivable
  referenceNo: "173"
  orderId: "c2fdba38-1d41-4815-b9c3-f13cb3775856"
  type: "Invoice"
  sourceId: "c2fdba38-1d41-4815-b9c3-f13cb3775856"
  contact: "852 62558686 (MR. SZE DELONG) [9686f875-e868-4780-8cb6-50aa1f9ec10c]"
2022-07-18 * "Invoice #74 INV-0096"
  Income:Sales:SalesItem:SellBespokeorotherFee -2751 HKD
  category: "Ring Setting"
  sku: "DDFFFFFF0B00000000000132"
  qty: 1
  referenceNo: "74"
  orderId: "a37459c5-d5fe-4b98-adc4-9e3f1bde37e8"
  type: "Invoice Item"
  sourceId: "d94afe1e-c57f-4f81-b424-b38781f850d4"
  Assets:CurrentAssets:AccountReceivable
  referenceNo: "74"
  orderId: "a37459c5-d5fe-4b98-adc4-9e3f1bde37e8"
  type: "Invoice"
  sourceId: "a37459c5-d5fe-4b98-adc4-9e3f1bde37e8"
  contact: "998 12345759 (SHEETAL (FAR EAST) LIMITED) [17bca8d2-1243-4600-a316-2c2f4ee18a74]"
2022-07-18 * "Bill #219 BANK FEE 2"
  referenceNo: "219"
  orderId: "1f356935-8f41-46d3-9792-4e43f49ad19b"
  type: "Bill"
  Expenses:BankFeesExpense 55 HKD
  qty: "1"
  description: "BANK FEE"
  referenceNo: "219"
  orderId: "1f356935-8f41-46d3-9792-4e43f49ad19b"
  type: "Bill Item"
  sourceId: "0e1b2bbd-1c29-48e4-b651-b9918ffa2240"
  Liabilities:CurrentLiabilities:AccountPayable
  referenceNo: "219"
  orderId: "1f356935-8f41-46d3-9792-4e43f49ad19b"
  type: "Bill"
  sourceId: "1f356935-8f41-46d3-9792-4e43f49ad19b"
  contact: "880 806 () [53b8789a-4451-4a1f-84f7-a9c5da7ada1a]"
2022-07-18 * "Bill #214 BANK FEE 1"
  referenceNo: "214"
  orderId: "47363426-9ec2-4383-bee7-0fb50ce3b2ba"
  type: "Bill"
  Expenses:BankFeesExpense 55 HKD
  qty: "1"
  description: "BANK FEE"
  referenceNo: "214"
  orderId: "47363426-9ec2-4383-bee7-0fb50ce3b2ba"
  type: "Bill Item"
  sourceId: "d6879701-a140-40d1-b868-d76f65427b53"
  Liabilities:CurrentLiabilities:AccountPayable
  referenceNo: "214"
  orderId: "47363426-9ec2-4383-bee7-0fb50ce3b2ba"
  type: "Bill"
  sourceId: "47363426-9ec2-4383-bee7-0fb50ce3b2ba"
  contact: "880 806 () [53b8789a-4451-4a1f-84f7-a9c5da7ada1a]"
2022-07-18 * "Bill #225 INV-0095 GIA PURCHASE, NO 0392"
  referenceNo: "225"
  orderId: "74cce774-290f-4998-9db7-c74a5d315e17"
  type: "Bill"
  Expenses:CostOfSales:Purchase:PurchaseItem:BuyDiamond 129068 HKD
  category: "Natural Diamond"
  sku: "DDFFFFFF0800006431910783"
  qty: 1
  referenceNo: "225"
  orderId: "74cce774-290f-4998-9db7-c74a5d315e17"
  type: "Bill Item"
  sourceId: "ba2d725c-8459-463b-8a29-8fc3901568a0"
  Liabilities:CurrentLiabilities:AccountPayable
  referenceNo: "225"
  orderId: "74cce774-290f-4998-9db7-c74a5d315e17"
  type: "Bill"
  sourceId: "74cce774-290f-4998-9db7-c74a5d315e17"
  contact: "998 12345716 (HDL- HRISHI DIAM LTD.) [65487079-78f7-426a-a840-aa15185d2526]"
2022-07-18 * "Bill #224 INV-0096 BS*,INV-220718"
  referenceNo: "224"
  orderId: "58d987d2-9ae1-4428-9fa3-6e0d943688dd"
  type: "Bill"
  Expenses:CostOfSales:Purchase:PurchaseItem:BuyCost-ProcessingFee 3000 HKD
  category: "Ring Setting"
  sku: "DDFFFFFF0B00000000000132"
  qty: 1
  referenceNo: "224"
  orderId: "58d987d2-9ae1-4428-9fa3-6e0d943688dd"
  type: "Bill Item"
  sourceId: "beb055d8-c7f6-4543-a8b8-07a5a11702cc"
  Liabilities:CurrentLiabilities:AccountPayable
  referenceNo: "224"
  orderId: "58d987d2-9ae1-4428-9fa3-6e0d943688dd"
  type: "Bill"
  sourceId: "58d987d2-9ae1-4428-9fa3-6e0d943688dd"
  contact: "998 12345740 (PRESSURE WORK DESIGN CONSULTANTS) [205398a5-a6c5-4a09-938a-7308f6334f41]"
2022-07-18 * "Assets:CurrentAssets:Bank:C中銀卡機Bank" "Invoice Payment for Invoice #200 #3194e114-9d5d-42df-8d01-0f3d340f0308"
  Assets:CurrentAssets:Bank:C中銀卡機Bank 28000 HKD
  type: "Invoice Payment"
  sourceId: "3194e114-9d5d-42df-8d01-0f3d340f0308"
  referenceNo: "200"
  orderId: "cf26bcf4-ed4a-4ac5-9a5b-6e65a16623de"
  Assets:CurrentAssets:AccountReceivable -28000 HKD
  type: "Invoice Payment"
  sourceId: "3194e114-9d5d-42df-8d01-0f3d340f0308"
  referenceNo: "200"
  orderId: "cf26bcf4-ed4a-4ac5-9a5b-6e65a16623de"
  contact: "852 66705698 (MR. HUI JANSEN) [5005a168-45d2-467d-804e-274052ab7ea3]"
2022-07-18 * "Assets:CurrentAssets:Cash:CashInHand" "Invoice Payment for Invoice #74 #d3a79f5d-0590-4991-80d0-3c11652476e5"
  Assets:CurrentAssets:Cash:CashInHand 2751 HKD
  type: "Invoice Payment"
  sourceId: "d3a79f5d-0590-4991-80d0-3c11652476e5"
  referenceNo: "74"
  orderId: "a37459c5-d5fe-4b98-adc4-9e3f1bde37e8"
  Assets:CurrentAssets:AccountReceivable -2751 HKD
  type: "Invoice Payment"
  sourceId: "d3a79f5d-0590-4991-80d0-3c11652476e5"
  referenceNo: "74"
  orderId: "a37459c5-d5fe-4b98-adc4-9e3f1bde37e8"
  contact: "998 12345759 (SHEETAL (FAR EAST) LIMITED) [17bca8d2-1243-4600-a316-2c2f4ee18a74]"
2022-07-18 * "Assets:CurrentAssets:Bank:C中銀卡機Bank" "Invoice Payment for Invoice #173 #5ed851a7-1605-4241-b4b4-6a0bb2e8be27"
  Assets:CurrentAssets:Bank:C中銀卡機Bank 73300 HKD
  type: "Invoice Payment"
  sourceId: "5ed851a7-1605-4241-b4b4-6a0bb2e8be27"
  referenceNo: "173"
  orderId: "c2fdba38-1d41-4815-b9c3-f13cb3775856"
  Assets:CurrentAssets:AccountReceivable -73300 HKD
  type: "Invoice Payment"
  sourceId: "5ed851a7-1605-4241-b4b4-6a0bb2e8be27"
  referenceNo: "173"
  orderId: "c2fdba38-1d41-4815-b9c3-f13cb3775856"
  contact: "852 62558686 (MR. SZE DELONG) [9686f875-e868-4780-8cb6-50aa1f9ec10c]"
2022-07-18 * "998 12345696 (CHINA STAR) [18f558fe-9c32-4da8-8102-e67648c847a2]" "Bill Payment for Bill #412 #9dda556b-8a6b-4cde-95f4-1951b4b5dab1"
  contact: "998 12345696 (CHINA STAR) [18f558fe-9c32-4da8-8102-e67648c847a2]"
  Liabilities:CurrentLiabilities:AccountPayable 22165.78 HKD
  type: "Bill Payment"
  sourceId: "9dda556b-8a6b-4cde-95f4-1951b4b5dab1"
  referenceNo: "412"
  orderId: "081873b3-8826-441b-9505-4cdd47be90e3"
  Assets:CurrentAssets:Bank:BocSavingBank -22165.78 HKD
  type: "Bill Payment"
  sourceId: "9dda556b-8a6b-4cde-95f4-1951b4b5dab1"
  referenceNo: "412"
  orderId: "081873b3-8826-441b-9505-4cdd47be90e3"
2022-07-18 * "998 12345716 (HDL- HRISHI DIAM LTD.) [65487079-78f7-426a-a840-aa15185d2526]" "Bill Payment for Bill #225 #f9e36b5c-cd0b-401b-b703-f39940a5bf27"
  contact: "998 12345716 (HDL- HRISHI DIAM LTD.) [65487079-78f7-426a-a840-aa15185d2526]"
  Liabilities:CurrentLiabilities:AccountPayable 129068 HKD
  type: "Bill Payment"
  sourceId: "f9e36b5c-cd0b-401b-b703-f39940a5bf27"
  referenceNo: "225"
  orderId: "74cce774-290f-4998-9db7-c74a5d315e17"
  Assets:CurrentAssets:Bank:BocSavingBank -129068 HKD
  type: "Bill Payment"
  sourceId: "f9e36b5c-cd0b-401b-b703-f39940a5bf27"
  referenceNo: "225"
  orderId: "74cce774-290f-4998-9db7-c74a5d315e17"
2022-07-18 * "998 12345782 (YEUNG'S DIAMOND (HONG KONG) CO. LTD.) [35da835b-83af-4049-97e3-d71d4599a012]" "Bill Payment for Bill #217 #bf154565-e8c1-479d-85b5-95bd1bdb2879"
  contact: "998 12345782 (YEUNG'S DIAMOND (HONG KONG) CO. LTD.) [35da835b-83af-4049-97e3-d71d4599a012]"
  Liabilities:CurrentLiabilities:AccountPayable 39550 HKD
  type: "Bill Payment"
  sourceId: "bf154565-e8c1-479d-85b5-95bd1bdb2879"
  referenceNo: "217"
  orderId: "7ba6c526-50f4-4b55-9bc3-b3ee34a5ed0b"
  Assets:CurrentAssets:Cash:CashInHand -39550 HKD
  type: "Bill Payment"
  sourceId: "bf154565-e8c1-479d-85b5-95bd1bdb2879"
  referenceNo: "217"
  orderId: "7ba6c526-50f4-4b55-9bc3-b3ee34a5ed0b"
2022-07-18 * "880 806 () [53b8789a-4451-4a1f-84f7-a9c5da7ada1a]" "Bill Payment for Bill #214 #ebc011c4-914e-4e5e-8379-8c39772b22df"
  contact: "880 806 () [53b8789a-4451-4a1f-84f7-a9c5da7ada1a]"
  Liabilities:CurrentLiabilities:AccountPayable 55 HKD
  type: "Bill Payment"
  sourceId: "ebc011c4-914e-4e5e-8379-8c39772b22df"
  referenceNo: "214"
  orderId: "47363426-9ec2-4383-bee7-0fb50ce3b2ba"
  Assets:CurrentAssets:Bank:BocSavingBank -55 HKD
  type: "Bill Payment"
  sourceId: "ebc011c4-914e-4e5e-8379-8c39772b22df"
  referenceNo: "214"
  orderId: "47363426-9ec2-4383-bee7-0fb50ce3b2ba"
2022-07-18 * "880 806 () [53b8789a-4451-4a1f-84f7-a9c5da7ada1a]" "Bill Payment for Bill #219 #70065b1f-97b3-4273-bb4f-d5fb1b7b4e0b"
  contact: "880 806 () [53b8789a-4451-4a1f-84f7-a9c5da7ada1a]"
  Liabilities:CurrentLiabilities:AccountPayable 55 HKD
  type: "Bill Payment"
  sourceId: "70065b1f-97b3-4273-bb4f-d5fb1b7b4e0b"
  referenceNo: "219"
  orderId: "1f356935-8f41-46d3-9792-4e43f49ad19b"
  Assets:CurrentAssets:Bank:BocSavingBank -55 HKD
  type: "Bill Payment"
  sourceId: "70065b1f-97b3-4273-bb4f-d5fb1b7b4e0b"
  referenceNo: "219"
  orderId: "1f356935-8f41-46d3-9792-4e43f49ad19b"
2022-07-18 * "998 12345740 (PRESSURE WORK DESIGN CONSULTANTS) [205398a5-a6c5-4a09-938a-7308f6334f41]" "Bill Payment for Bill #224 #45d7f5fa-cb83-4c23-b7d0-010eaa21c0bc"
  contact: "998 12345740 (PRESSURE WORK DESIGN CONSULTANTS) [205398a5-a6c5-4a09-938a-7308f6334f41]"
  Liabilities:CurrentLiabilities:AccountPayable 3000 HKD
  type: "Bill Payment"
  sourceId: "45d7f5fa-cb83-4c23-b7d0-010eaa21c0bc"
  referenceNo: "224"
  orderId: "58d987d2-9ae1-4428-9fa3-6e0d943688dd"
  Assets:CurrentAssets:Cash:CashInHand -3000 HKD
  type: "Bill Payment"
  sourceId: "45d7f5fa-cb83-4c23-b7d0-010eaa21c0bc"
  referenceNo: "224"
  orderId: "58d987d2-9ae1-4428-9fa3-6e0d943688dd"
2022-07-21 * "Assets:CurrentAssets:Bank:BocSavingBank" "Invoice Payment for Invoice #135 #fcb652b5-1e87-4052-80e0-2ec0d5fbb053"
  Assets:CurrentAssets:Bank:BocSavingBank 10000 HKD
  type: "Invoice Payment"
  sourceId: "fcb652b5-1e87-4052-80e0-2ec0d5fbb053"
  referenceNo: "135"
  orderId: "874e1cf1-192d-4288-9ae7-ebc052ee75e2"
  Assets:CurrentAssets:AccountReceivable -10000 HKD
  type: "Invoice Payment"
  sourceId: "fcb652b5-1e87-4052-80e0-2ec0d5fbb053"
  referenceNo: "135"
  orderId: "874e1cf1-192d-4288-9ae7-ebc052ee75e2"
  contact: "852 91237055 (MR. LUK FRANKIE) [23d373b5-2bba-4242-ba5a-1903a85fb9ac]"
2022-07-22 * "Bill #379 kpay014"
  referenceNo: "379"
  orderId: "0e30fa1f-c741-4fb2-96c6-f4b7b972b8cd"
  type: "Bill"
  Expenses:CardFeeExpense 301 HKD
  qty: "1"
  description: "KPAY FEE"
  referenceNo: "379"
  orderId: "0e30fa1f-c741-4fb2-96c6-f4b7b972b8cd"
  type: "Bill Item"
  sourceId: "7d23b66d-e68b-42d9-919a-55178637e5f2"
  Liabilities:CurrentLiabilities:AccountPayable
  referenceNo: "379"
  orderId: "0e30fa1f-c741-4fb2-96c6-f4b7b972b8cd"
  type: "Bill"
  sourceId: "0e30fa1f-c741-4fb2-96c6-f4b7b972b8cd"
  contact: "998 12345821 (KPAY) [5a706f32-7edc-48d8-ae47-62fee1e8bba1]"
2022-07-22 * "Assets:CurrentAssets:Bank:KpayBank" "Invoice Payment for Invoice #8 #1cd89946-7b63-487a-b6ee-fcd64bb707ba"
  Assets:CurrentAssets:Bank:KpayBank 20000 HKD
  type: "Invoice Payment"
  sourceId: "1cd89946-7b63-487a-b6ee-fcd64bb707ba"
  referenceNo: "8"
  orderId: "0daa4f9c-99da-408e-b28f-b5e88616bc68"
  Assets:CurrentAssets:AccountReceivable -20000 HKD
  type: "Invoice Payment"
  sourceId: "1cd89946-7b63-487a-b6ee-fcd64bb707ba"
  referenceNo: "8"
  orderId: "0daa4f9c-99da-408e-b28f-b5e88616bc68"
  contact: "852 68990920 (MS. POON PHOEBE) [9d8efe39-6f10-48ab-9e60-e6376bfb0379]"
2022-07-22 * "998 12345821 (KPAY) [5a706f32-7edc-48d8-ae47-62fee1e8bba1]" "Bill Payment for Bill #379 #76e59403-f43c-4380-9444-e2e8378afaf2"
  contact: "998 12345821 (KPAY) [5a706f32-7edc-48d8-ae47-62fee1e8bba1]"
  Liabilities:CurrentLiabilities:AccountPayable 301 HKD
  type: "Bill Payment"
  sourceId: "76e59403-f43c-4380-9444-e2e8378afaf2"
  referenceNo: "379"
  orderId: "0e30fa1f-c741-4fb2-96c6-f4b7b972b8cd"
  Assets:CurrentAssets:Bank:KpayBank -301 HKD
  type: "Bill Payment"
  sourceId: "76e59403-f43c-4380-9444-e2e8378afaf2"
  referenceNo: "379"
  orderId: "0e30fa1f-c741-4fb2-96c6-f4b7b972b8cd"
2022-07-24 * "998 12345767 (SkyHigh Holdings Group Ltd) [efdca012-5d6e-4361-8ec7-f5566615d58a]" "Bill Payment for Bill #647 #9a9b5223-542b-4971-a8fa-4d32bb575daa"
  contact: "998 12345767 (SkyHigh Holdings Group Ltd) [efdca012-5d6e-4361-8ec7-f5566615d58a]"
  Liabilities:CurrentLiabilities:AccountPayable 300 HKD
  type: "Bill Payment"
  sourceId: "9a9b5223-542b-4971-a8fa-4d32bb575daa"
  referenceNo: "647"
  orderId: "324ac028-df2e-439e-8604-9ee8bc14d471"
  Assets:CurrentAssets:TradeDeposit:TradeDeposit-SkyhighHoldingsGroupLtd -300 HKD
  type: "Bill Payment"
  sourceId: "9a9b5223-542b-4971-a8fa-4d32bb575daa"
  referenceNo: "647"
  orderId: "324ac028-df2e-439e-8604-9ee8bc14d471"
2022-07-24 * "998 12345767 (SkyHigh Holdings Group Ltd) [efdca012-5d6e-4361-8ec7-f5566615d58a]" "Bill Payment for Bill #629 #2941ac6c-eed4-4b7d-bf2c-0bb846a889f9"
  contact: "998 12345767 (SkyHigh Holdings Group Ltd) [efdca012-5d6e-4361-8ec7-f5566615d58a]"
  Liabilities:CurrentLiabilities:AccountPayable 2677 HKD
  type: "Bill Payment"
  sourceId: "2941ac6c-eed4-4b7d-bf2c-0bb846a889f9"
  referenceNo: "629"
  orderId: "c0406b3a-e4d5-4b36-ba18-aef86c959c47"
  Assets:CurrentAssets:TradeDeposit:TradeDeposit-SkyhighHoldingsGroupLtd -2677 HKD
  type: "Bill Payment"
  sourceId: "2941ac6c-eed4-4b7d-bf2c-0bb846a889f9"
  referenceNo: "629"
  orderId: "c0406b3a-e4d5-4b36-ba18-aef86c959c47"
2022-07-24 * "998 12345767 (SkyHigh Holdings Group Ltd) [efdca012-5d6e-4361-8ec7-f5566615d58a]" "Bill Payment for Bill #617 #321d1e07-c823-45e7-a6f6-8a618f610ee4"
  contact: "998 12345767 (SkyHigh Holdings Group Ltd) [efdca012-5d6e-4361-8ec7-f5566615d58a]"
  Liabilities:CurrentLiabilities:AccountPayable 16904 HKD
  type: "Bill Payment"
  sourceId: "321d1e07-c823-45e7-a6f6-8a618f610ee4"
  referenceNo: "617"
  orderId: "b700e6b1-6f47-40cd-8cc9-a0703067399c"
  Assets:CurrentAssets:TradeDeposit:TradeDeposit-SkyhighHoldingsGroupLtd -16904 HKD
  type: "Bill Payment"
  sourceId: "321d1e07-c823-45e7-a6f6-8a618f610ee4"
  referenceNo: "617"
  orderId: "b700e6b1-6f47-40cd-8cc9-a0703067399c"
2022-07-24 * "998 12345767 (SkyHigh Holdings Group Ltd) [efdca012-5d6e-4361-8ec7-f5566615d58a]" "Bill Payment for Bill #646 #35567129-b934-4de8-9946-d5543c9fa1ab"
  contact: "998 12345767 (SkyHigh Holdings Group Ltd) [efdca012-5d6e-4361-8ec7-f5566615d58a]"
  Liabilities:CurrentLiabilities:AccountPayable 1746 HKD
  type: "Bill Payment"
  sourceId: "35567129-b934-4de8-9946-d5543c9fa1ab"
  referenceNo: "646"
  orderId: "066b442b-3a87-4d4a-9df9-f9298f715d9c"
  Assets:CurrentAssets:TradeDeposit:TradeDeposit-SkyhighHoldingsGroupLtd -1746 HKD
  type: "Bill Payment"
  sourceId: "35567129-b934-4de8-9946-d5543c9fa1ab"
  referenceNo: "646"
  orderId: "066b442b-3a87-4d4a-9df9-f9298f715d9c"
2022-07-24 * "998 12345767 (SkyHigh Holdings Group Ltd) [efdca012-5d6e-4361-8ec7-f5566615d58a]" "Bill Payment for Bill #653 #9409b149-258c-4470-a3c9-6602de95d69d"
  contact: "998 12345767 (SkyHigh Holdings Group Ltd) [efdca012-5d6e-4361-8ec7-f5566615d58a]"
  Liabilities:CurrentLiabilities:AccountPayable 300 HKD
  type: "Bill Payment"
  sourceId: "9409b149-258c-4470-a3c9-6602de95d69d"
  referenceNo: "653"
  orderId: "71cc1329-7d18-4867-bf5b-28a01677c930"
  Assets:CurrentAssets:TradeDeposit:TradeDeposit-SkyhighHoldingsGroupLtd -300 HKD
  type: "Bill Payment"
  sourceId: "9409b149-258c-4470-a3c9-6602de95d69d"
  referenceNo: "653"
  orderId: "71cc1329-7d18-4867-bf5b-28a01677c930"
2022-07-24 * "998 12345767 (SkyHigh Holdings Group Ltd) [efdca012-5d6e-4361-8ec7-f5566615d58a]" "Bill Payment for Bill #645 #c8d8e9da-c494-4865-a92d-d204c505ca14"
  contact: "998 12345767 (SkyHigh Holdings Group Ltd) [efdca012-5d6e-4361-8ec7-f5566615d58a]"
  Liabilities:CurrentLiabilities:AccountPayable 600 HKD
  type: "Bill Payment"
  sourceId: "c8d8e9da-c494-4865-a92d-d204c505ca14"
  referenceNo: "645"
  orderId: "e3af1da2-562a-4329-a319-a3e986db2677"
  Assets:CurrentAssets:TradeDeposit:TradeDeposit-SkyhighHoldingsGroupLtd -600 HKD
  type: "Bill Payment"
  sourceId: "c8d8e9da-c494-4865-a92d-d204c505ca14"
  referenceNo: "645"
  orderId: "e3af1da2-562a-4329-a319-a3e986db2677"
2022-07-24 * "998 12345767 (SkyHigh Holdings Group Ltd) [efdca012-5d6e-4361-8ec7-f5566615d58a]" "Bill Payment for Bill #647 #eaf4ce46-84ca-49c2-8b32-e661db956c24"
  contact: "998 12345767 (SkyHigh Holdings Group Ltd) [efdca012-5d6e-4361-8ec7-f5566615d58a]"
  Liabilities:CurrentLiabilities:AccountPayable 1891 HKD
  type: "Bill Payment"
  sourceId: "eaf4ce46-84ca-49c2-8b32-e661db956c24"
  referenceNo: "647"
  orderId: "324ac028-df2e-439e-8604-9ee8bc14d471"
  Assets:CurrentAssets:TradeDeposit:TradeDeposit-SkyhighHoldingsGroupLtd -1891 HKD
  type: "Bill Payment"
  sourceId: "eaf4ce46-84ca-49c2-8b32-e661db956c24"
  referenceNo: "647"
  orderId: "324ac028-df2e-439e-8604-9ee8bc14d471"
2022-07-24 * "998 12345767 (SkyHigh Holdings Group Ltd) [efdca012-5d6e-4361-8ec7-f5566615d58a]" "Bill Payment for Bill #647 #1992d2b6-b168-4cc8-8602-ed02d2a34d80"
  contact: "998 12345767 (SkyHigh Holdings Group Ltd) [efdca012-5d6e-4361-8ec7-f5566615d58a]"
  Liabilities:CurrentLiabilities:AccountPayable 2056 HKD
  type: "Bill Payment"
  sourceId: "1992d2b6-b168-4cc8-8602-ed02d2a34d80"
  referenceNo: "647"
  orderId: "324ac028-df2e-439e-8604-9ee8bc14d471"
  Assets:CurrentAssets:TradeDeposit:TradeDeposit-SkyhighHoldingsGroupLtd -2056 HKD
  type: "Bill Payment"
  sourceId: "1992d2b6-b168-4cc8-8602-ed02d2a34d80"
  referenceNo: "647"
  orderId: "324ac028-df2e-439e-8604-9ee8bc14d471"
2022-07-24 * "998 12345767 (SkyHigh Holdings Group Ltd) [efdca012-5d6e-4361-8ec7-f5566615d58a]" "Bill Payment for Bill #647 #32e08861-8300-4cef-87f8-d4da295bb640"
  contact: "998 12345767 (SkyHigh Holdings Group Ltd) [efdca012-5d6e-4361-8ec7-f5566615d58a]"
  Liabilities:CurrentLiabilities:AccountPayable 2338 HKD
  type: "Bill Payment"
  sourceId: "32e08861-8300-4cef-87f8-d4da295bb640"
  referenceNo: "647"
  orderId: "324ac028-df2e-439e-8604-9ee8bc14d471"
  Assets:CurrentAssets:TradeDeposit:TradeDeposit-SkyhighHoldingsGroupLtd -2338 HKD
  type: "Bill Payment"
  sourceId: "32e08861-8300-4cef-87f8-d4da295bb640"
  referenceNo: "647"
  orderId: "324ac028-df2e-439e-8604-9ee8bc14d471"
2022-07-24 * "998 12345767 (SkyHigh Holdings Group Ltd) [efdca012-5d6e-4361-8ec7-f5566615d58a]" "Bill Payment for Bill #655 #a5b2e7c7-1cd5-4c00-93bd-5a782d07c07d"
  contact: "998 12345767 (SkyHigh Holdings Group Ltd) [efdca012-5d6e-4361-8ec7-f5566615d58a]"
  Liabilities:CurrentLiabilities:AccountPayable 2742 HKD
  type: "Bill Payment"
  sourceId: "a5b2e7c7-1cd5-4c00-93bd-5a782d07c07d"
  referenceNo: "655"
  orderId: "a2660389-f202-49e4-9f74-2b649a7289cc"
  Assets:CurrentAssets:TradeDeposit:TradeDeposit-SkyhighHoldingsGroupLtd -2742 HKD
  type: "Bill Payment"
  sourceId: "a5b2e7c7-1cd5-4c00-93bd-5a782d07c07d"
  referenceNo: "655"
  orderId: "a2660389-f202-49e4-9f74-2b649a7289cc"
2022-07-24 * "998 12345767 (SkyHigh Holdings Group Ltd) [efdca012-5d6e-4361-8ec7-f5566615d58a]" "Bill Payment for Bill #801 #c0abf92b-be8b-458f-85fd-b03cdde8c503"
  contact: "998 12345767 (SkyHigh Holdings Group Ltd) [efdca012-5d6e-4361-8ec7-f5566615d58a]"
  Liabilities:CurrentLiabilities:AccountPayable 4811 HKD
  type: "Bill Payment"
  sourceId: "c0abf92b-be8b-458f-85fd-b03cdde8c503"
  referenceNo: "801"
  orderId: "b0bd42b5-78fb-4d46-b76c-51c2f70bdae1"
  Assets:CurrentAssets:TradeDeposit:TradeDeposit-SkyhighHoldingsGroupLtd -4811 HKD
  type: "Bill Payment"
  sourceId: "c0abf92b-be8b-458f-85fd-b03cdde8c503"
  referenceNo: "801"
  orderId: "b0bd42b5-78fb-4d46-b76c-51c2f70bdae1"
2022-07-24 * "998 12345767 (SkyHigh Holdings Group Ltd) [efdca012-5d6e-4361-8ec7-f5566615d58a]" "Bill Payment for Bill #131 #fa27d593-998d-4898-9a6f-51bb81445778"
  contact: "998 12345767 (SkyHigh Holdings Group Ltd) [efdca012-5d6e-4361-8ec7-f5566615d58a]"
  Liabilities:CurrentLiabilities:AccountPayable 1895 HKD
  type: "Bill Payment"
  sourceId: "fa27d593-998d-4898-9a6f-51bb81445778"
  referenceNo: "131"
  orderId: "f6baea9a-f349-4119-bf82-eaa8a2f32aab"
  Assets:CurrentAssets:TradeDeposit:TradeDeposit-SkyhighHoldingsGroupLtd -1895 HKD
  type: "Bill Payment"
  sourceId: "fa27d593-998d-4898-9a6f-51bb81445778"
  referenceNo: "131"
  orderId: "f6baea9a-f349-4119-bf82-eaa8a2f32aab"
2022-07-24 * "998 12345767 (SkyHigh Holdings Group Ltd) [efdca012-5d6e-4361-8ec7-f5566615d58a]" "Bill Payment for Bill #564 #eec5231f-0d5c-4cbf-bb06-a121f9e555fa"
  contact: "998 12345767 (SkyHigh Holdings Group Ltd) [efdca012-5d6e-4361-8ec7-f5566615d58a]"
  Liabilities:CurrentLiabilities:AccountPayable 2416 HKD
  type: "Bill Payment"
  sourceId: "eec5231f-0d5c-4cbf-bb06-a121f9e555fa"
  referenceNo: "564"
  orderId: "c2f4a415-93ff-4943-b79d-98ff15091b6e"
  Assets:CurrentAssets:TradeDeposit:TradeDeposit-SkyhighHoldingsGroupLtd -2416 HKD
  type: "Bill Payment"
  sourceId: "eec5231f-0d5c-4cbf-bb06-a121f9e555fa"
  referenceNo: "564"
  orderId: "c2f4a415-93ff-4943-b79d-98ff15091b6e"
2022-07-24 * "998 12345767 (SkyHigh Holdings Group Ltd) [efdca012-5d6e-4361-8ec7-f5566615d58a]" "Bill Payment for Bill #646 #4ece9647-859c-40ee-b20a-6c790df90234"
  contact: "998 12345767 (SkyHigh Holdings Group Ltd) [efdca012-5d6e-4361-8ec7-f5566615d58a]"
  Liabilities:CurrentLiabilities:AccountPayable 1747 HKD
  type: "Bill Payment"
  sourceId: "4ece9647-859c-40ee-b20a-6c790df90234"
  referenceNo: "646"
  orderId: "066b442b-3a87-4d4a-9df9-f9298f715d9c"
  Assets:CurrentAssets:TradeDeposit:TradeDeposit-SkyhighHoldingsGroupLtd -1747 HKD
  type: "Bill Payment"
  sourceId: "4ece9647-859c-40ee-b20a-6c790df90234"
  referenceNo: "646"
  orderId: "066b442b-3a87-4d4a-9df9-f9298f715d9c"
2022-07-24 * "998 12345767 (SkyHigh Holdings Group Ltd) [efdca012-5d6e-4361-8ec7-f5566615d58a]" "Bill Payment for Bill #646 #dabd5b8a-cac5-460a-b470-9d86142468ed"
  contact: "998 12345767 (SkyHigh Holdings Group Ltd) [efdca012-5d6e-4361-8ec7-f5566615d58a]"
  Liabilities:CurrentLiabilities:AccountPayable 450 HKD
  type: "Bill Payment"
  sourceId: "dabd5b8a-cac5-460a-b470-9d86142468ed"
  referenceNo: "646"
  orderId: "066b442b-3a87-4d4a-9df9-f9298f715d9c"
  Assets:CurrentAssets:TradeDeposit:TradeDeposit-SkyhighHoldingsGroupLtd -450 HKD
  type: "Bill Payment"
  sourceId: "dabd5b8a-cac5-460a-b470-9d86142468ed"
  referenceNo: "646"
  orderId: "066b442b-3a87-4d4a-9df9-f9298f715d9c"
2022-07-24 * "998 12345767 (SkyHigh Holdings Group Ltd) [efdca012-5d6e-4361-8ec7-f5566615d58a]" "Bill Payment for Bill #564 #b54dd208-9117-43a2-978a-59f74e6c40d1"
  contact: "998 12345767 (SkyHigh Holdings Group Ltd) [efdca012-5d6e-4361-8ec7-f5566615d58a]"
  Liabilities:CurrentLiabilities:AccountPayable 1942 HKD
  type: "Bill Payment"
  sourceId: "b54dd208-9117-43a2-978a-59f74e6c40d1"
  referenceNo: "564"
  orderId: "c2f4a415-93ff-4943-b79d-98ff15091b6e"
  Assets:CurrentAssets:TradeDeposit:TradeDeposit-SkyhighHoldingsGroupLtd -1942 HKD
  type: "Bill Payment"
  sourceId: "b54dd208-9117-43a2-978a-59f74e6c40d1"
  referenceNo: "564"
  orderId: "c2f4a415-93ff-4943-b79d-98ff15091b6e"
2022-07-24 * "998 12345767 (SkyHigh Holdings Group Ltd) [efdca012-5d6e-4361-8ec7-f5566615d58a]" "Bill Payment for Bill #655 #0a65368c-5a71-4fac-a9be-575d9e5028b0"
  contact: "998 12345767 (SkyHigh Holdings Group Ltd) [efdca012-5d6e-4361-8ec7-f5566615d58a]"
  Liabilities:CurrentLiabilities:AccountPayable 3658 HKD
  type: "Bill Payment"
  sourceId: "0a65368c-5a71-4fac-a9be-575d9e5028b0"
  referenceNo: "655"
  orderId: "a2660389-f202-49e4-9f74-2b649a7289cc"
  Assets:CurrentAssets:TradeDeposit:TradeDeposit-SkyhighHoldingsGroupLtd -3658 HKD
  type: "Bill Payment"
  sourceId: "0a65368c-5a71-4fac-a9be-575d9e5028b0"
  referenceNo: "655"
  orderId: "a2660389-f202-49e4-9f74-2b649a7289cc"
2022-07-24 * "998 12345767 (SkyHigh Holdings Group Ltd) [efdca012-5d6e-4361-8ec7-f5566615d58a]" "Bill Payment for Bill #653 #96dc9fab-3636-4f87-b14d-02f6f7f3cfc9"
  contact: "998 12345767 (SkyHigh Holdings Group Ltd) [efdca012-5d6e-4361-8ec7-f5566615d58a]"
  Liabilities:CurrentLiabilities:AccountPayable 350 HKD
  type: "Bill Payment"
  sourceId: "96dc9fab-3636-4f87-b14d-02f6f7f3cfc9"
  referenceNo: "653"
  orderId: "71cc1329-7d18-4867-bf5b-28a01677c930"
  Assets:CurrentAssets:TradeDeposit:TradeDeposit-SkyhighHoldingsGroupLtd -350 HKD
  type: "Bill Payment"
  sourceId: "96dc9fab-3636-4f87-b14d-02f6f7f3cfc9"
  referenceNo: "653"
  orderId: "71cc1329-7d18-4867-bf5b-28a01677c930"
2022-07-24 * "998 12345767 (SkyHigh Holdings Group Ltd) [efdca012-5d6e-4361-8ec7-f5566615d58a]" "Bill Payment for Bill #5 #5f0c4cf9-86b1-4c75-8ead-7925ad4951fb"
  contact: "998 12345767 (SkyHigh Holdings Group Ltd) [efdca012-5d6e-4361-8ec7-f5566615d58a]"
  Liabilities:CurrentLiabilities:AccountPayable 100 HKD
  type: "Bill Payment"
  sourceId: "5f0c4cf9-86b1-4c75-8ead-7925ad4951fb"
  referenceNo: "5"
  orderId: "d8316c2c-f6be-44cd-a017-b608cdfdb57c"
  Assets:CurrentAssets:TradeDeposit:TradeDeposit-SkyhighHoldingsGroupLtd -100 HKD
  type: "Bill Payment"
  sourceId: "5f0c4cf9-86b1-4c75-8ead-7925ad4951fb"
  referenceNo: "5"
  orderId: "d8316c2c-f6be-44cd-a017-b608cdfdb57c"
2022-07-24 * "998 12345767 (SkyHigh Holdings Group Ltd) [efdca012-5d6e-4361-8ec7-f5566615d58a]" "Bill Payment for Bill #629 #7d7a0f58-9f47-4b40-ad99-cca7bd92ba44"
  contact: "998 12345767 (SkyHigh Holdings Group Ltd) [efdca012-5d6e-4361-8ec7-f5566615d58a]"
  Liabilities:CurrentLiabilities:AccountPayable 300 HKD
  type: "Bill Payment"
  sourceId: "7d7a0f58-9f47-4b40-ad99-cca7bd92ba44"
  referenceNo: "629"
  orderId: "c0406b3a-e4d5-4b36-ba18-aef86c959c47"
  Assets:CurrentAssets:TradeDeposit:TradeDeposit-SkyhighHoldingsGroupLtd -300 HKD
  type: "Bill Payment"
  sourceId: "7d7a0f58-9f47-4b40-ad99-cca7bd92ba44"
  referenceNo: "629"
  orderId: "c0406b3a-e4d5-4b36-ba18-aef86c959c47"
2022-07-24 * "998 12345767 (SkyHigh Holdings Group Ltd) [efdca012-5d6e-4361-8ec7-f5566615d58a]" "Bill Payment for Bill #629 #d63d3480-ac3a-4ab7-9400-5137acb7c39e"
  contact: "998 12345767 (SkyHigh Holdings Group Ltd) [efdca012-5d6e-4361-8ec7-f5566615d58a]"
  Liabilities:CurrentLiabilities:AccountPayable 300 HKD
  type: "Bill Payment"
  sourceId: "d63d3480-ac3a-4ab7-9400-5137acb7c39e"
  referenceNo: "629"
  orderId: "c0406b3a-e4d5-4b36-ba18-aef86c959c47"
  Assets:CurrentAssets:TradeDeposit:TradeDeposit-SkyhighHoldingsGroupLtd -300 HKD
  type: "Bill Payment"
  sourceId: "d63d3480-ac3a-4ab7-9400-5137acb7c39e"
  referenceNo: "629"
  orderId: "c0406b3a-e4d5-4b36-ba18-aef86c959c47"
2022-07-24 * "998 12345767 (SkyHigh Holdings Group Ltd) [efdca012-5d6e-4361-8ec7-f5566615d58a]" "Bill Payment for Bill #564 #5a1aaceb-f641-4f99-9c43-617a000bf789"
  contact: "998 12345767 (SkyHigh Holdings Group Ltd) [efdca012-5d6e-4361-8ec7-f5566615d58a]"
  Liabilities:CurrentLiabilities:AccountPayable 2416 HKD
  type: "Bill Payment"
  sourceId: "5a1aaceb-f641-4f99-9c43-617a000bf789"
  referenceNo: "564"
  orderId: "c2f4a415-93ff-4943-b79d-98ff15091b6e"
  Assets:CurrentAssets:TradeDeposit:TradeDeposit-SkyhighHoldingsGroupLtd -2416 HKD
  type: "Bill Payment"
  sourceId: "5a1aaceb-f641-4f99-9c43-617a000bf789"
  referenceNo: "564"
  orderId: "c2f4a415-93ff-4943-b79d-98ff15091b6e"
2022-07-24 * "998 12345767 (SkyHigh Holdings Group Ltd) [efdca012-5d6e-4361-8ec7-f5566615d58a]" "Bill Payment for Bill #629 #7b3f1166-b56e-400b-bb06-1dc01540c8f6"
  contact: "998 12345767 (SkyHigh Holdings Group Ltd) [efdca012-5d6e-4361-8ec7-f5566615d58a]"
  Liabilities:CurrentLiabilities:AccountPayable 2403 HKD
  type: "Bill Payment"
  sourceId: "7b3f1166-b56e-400b-bb06-1dc01540c8f6"
  referenceNo: "629"
  orderId: "c0406b3a-e4d5-4b36-ba18-aef86c959c47"
  Assets:CurrentAssets:TradeDeposit:TradeDeposit-SkyhighHoldingsGroupLtd -2403 HKD
  type: "Bill Payment"
  sourceId: "7b3f1166-b56e-400b-bb06-1dc01540c8f6"
  referenceNo: "629"
  orderId: "c0406b3a-e4d5-4b36-ba18-aef86c959c47"
2022-07-24 * "998 12345767 (SkyHigh Holdings Group Ltd) [efdca012-5d6e-4361-8ec7-f5566615d58a]" "Bill Payment for Bill #653 #6326cd3e-a21a-4dff-bfb2-9d1d6e32d27a"
  contact: "998 12345767 (SkyHigh Holdings Group Ltd) [efdca012-5d6e-4361-8ec7-f5566615d58a]"
  Liabilities:CurrentLiabilities:AccountPayable 2379 HKD
  type: "Bill Payment"
  sourceId: "6326cd3e-a21a-4dff-bfb2-9d1d6e32d27a"
  referenceNo: "653"
  orderId: "71cc1329-7d18-4867-bf5b-28a01677c930"
  Assets:CurrentAssets:TradeDeposit:TradeDeposit-SkyhighHoldingsGroupLtd -2379 HKD
  type: "Bill Payment"
  sourceId: "6326cd3e-a21a-4dff-bfb2-9d1d6e32d27a"
  referenceNo: "653"
  orderId: "71cc1329-7d18-4867-bf5b-28a01677c930"
2022-07-24 * "998 12345767 (SkyHigh Holdings Group Ltd) [efdca012-5d6e-4361-8ec7-f5566615d58a]" "Bill Payment for Bill #564 #ffc7c02e-b14b-4faa-b4b3-decf2ebed855"
  contact: "998 12345767 (SkyHigh Holdings Group Ltd) [efdca012-5d6e-4361-8ec7-f5566615d58a]"
  Liabilities:CurrentLiabilities:AccountPayable 400 HKD
  type: "Bill Payment"
  sourceId: "ffc7c02e-b14b-4faa-b4b3-decf2ebed855"
  referenceNo: "564"
  orderId: "c2f4a415-93ff-4943-b79d-98ff15091b6e"
  Assets:CurrentAssets:TradeDeposit:TradeDeposit-SkyhighHoldingsGroupLtd -400 HKD
  type: "Bill Payment"
  sourceId: "ffc7c02e-b14b-4faa-b4b3-decf2ebed855"
  referenceNo: "564"
  orderId: "c2f4a415-93ff-4943-b79d-98ff15091b6e"
2022-07-24 * "998 12345767 (SkyHigh Holdings Group Ltd) [efdca012-5d6e-4361-8ec7-f5566615d58a]" "Bill Payment for Bill #655 #c467734e-f344-4a87-a8d3-0d22713dc49e"
  contact: "998 12345767 (SkyHigh Holdings Group Ltd) [efdca012-5d6e-4361-8ec7-f5566615d58a]"
  Liabilities:CurrentLiabilities:AccountPayable 2871 HKD
  type: "Bill Payment"
  sourceId: "c467734e-f344-4a87-a8d3-0d22713dc49e"
  referenceNo: "655"
  orderId: "a2660389-f202-49e4-9f74-2b649a7289cc"
  Assets:CurrentAssets:TradeDeposit:TradeDeposit-SkyhighHoldingsGroupLtd -2871 HKD
  type: "Bill Payment"
  sourceId: "c467734e-f344-4a87-a8d3-0d22713dc49e"
  referenceNo: "655"
  orderId: "a2660389-f202-49e4-9f74-2b649a7289cc"
2022-07-25 * "Invoice #181 INV-0099 MR.KAN KEN"
  Income:Sales:SalesItem:SellDiamond -32800 HKD
  category: "Natural Diamond"
  sku: "DDFFFFFF0800002225375354"
  qty: 1
  referenceNo: "181"
  orderId: "adc8b842-81a9-48d3-a542-187b46a6b694"
  type: "Invoice Item"
  sourceId: "9020b0ee-eb9e-4c95-9e40-9944f9c1441f"
  Income:Sales:SalesItem:Sell18kJewelry -2500 HKD
  category: "Ring Setting"
  sku: "DDFFFFFF0B00000000000133"
  qty: 1
  referenceNo: "181"
  orderId: "adc8b842-81a9-48d3-a542-187b46a6b694"
  type: "Invoice Item"
  sourceId: "cca7dd47-4a71-41e2-bbad-92e8e4e96271"
  Assets:CurrentAssets:AccountReceivable
  referenceNo: "181"
  orderId: "adc8b842-81a9-48d3-a542-187b46a6b694"
  type: "Invoice"
  sourceId: "adc8b842-81a9-48d3-a542-187b46a6b694"
  contact: "852 93311629 (MR.KAN KEN) [7dd734fa-c169-42a6-a1d3-4430b89b2817]"
2022-07-25 * "Bill #414 #0099 GIA PURCHASE XS22072700222"
  referenceNo: "414"
  orderId: "0300ba80-4ca9-4403-af34-ba7b833eb54f"
  type: "Bill"
  Expenses:CostOfSales:Purchase:PurchaseItem:BuyDiamond 24852.74 HKD
  category: "Natural Diamond"
  sku: "DDFFFFFF0800002225375354"
  qty: 1
  referenceNo: "414"
  orderId: "0300ba80-4ca9-4403-af34-ba7b833eb54f"
  type: "Bill Item"
  sourceId: "8e7da248-31e1-41b7-9b99-76b675e7e9e4"
  Liabilities:CurrentLiabilities:AccountPayable
  referenceNo: "414"
  orderId: "0300ba80-4ca9-4403-af34-ba7b833eb54f"
  type: "Bill"
  sourceId: "0300ba80-4ca9-4403-af34-ba7b833eb54f"
  contact: "998 12345696 (CHINA STAR) [18f558fe-9c32-4da8-8102-e67648c847a2]"
2022-07-25 * "Assets:CurrentAssets:Cash:CashInHand" "Invoice Payment for Invoice #181 #684c9324-fffd-42e9-b926-536ed3172c64"
  Assets:CurrentAssets:Cash:CashInHand 18000 HKD
  type: "Invoice Payment"
  sourceId: "684c9324-fffd-42e9-b926-536ed3172c64"
  referenceNo: "181"
  orderId: "adc8b842-81a9-48d3-a542-187b46a6b694"
  Assets:CurrentAssets:AccountReceivable -18000 HKD
  type: "Invoice Payment"
  sourceId: "684c9324-fffd-42e9-b926-536ed3172c64"
  referenceNo: "181"
  orderId: "adc8b842-81a9-48d3-a542-187b46a6b694"
  contact: "852 93311629 (MR.KAN KEN) [7dd734fa-c169-42a6-a1d3-4430b89b2817]"
2022-07-26 * "Bill #236 XS22072700222 NEW GIA STOCK PURCHASES"
  referenceNo: "236"
  orderId: "261a7c39-3260-41f5-8820-2fe3c1b8102a"
  type: "Bill"
  Expenses:CostOfSales:Purchase:PurchaseItem:BuyDiamond 24790 HKD
  category: "Natural Diamond"
  sku: "DDFFFFFF0800006421551327"
  qty: 1
  referenceNo: "236"
  orderId: "261a7c39-3260-41f5-8820-2fe3c1b8102a"
  type: "Bill Item"
  sourceId: "c27b084e-8840-4f7b-aa3b-5c3a46723e0d"
  Expenses:CostOfSales:Purchase:PurchaseItem:BuyDiamond 25109.25 HKD
  category: "Natural Diamond"
  sku: "DDFFFFFF0800006422944984"
  qty: 1
  referenceNo: "236"
  orderId: "261a7c39-3260-41f5-8820-2fe3c1b8102a"
  type: "Bill Item"
  sourceId: "cfc5052f-94f7-4552-8dc6-3d934bf81ba9"
  Liabilities:CurrentLiabilities:AccountPayable
  referenceNo: "236"
  orderId: "261a7c39-3260-41f5-8820-2fe3c1b8102a"
  type: "Bill"
  sourceId: "261a7c39-3260-41f5-8820-2fe3c1b8102a"
  contact: "998 12345696 (CHINA STAR) [18f558fe-9c32-4da8-8102-e67648c847a2]"
2022-07-26 * "Bill #394 BANK Fee"
  referenceNo: "394"
  orderId: "1ea7e97d-8904-4f93-a8cc-4cb98eb0587a"
  type: "Bill"
  Expenses:BankFeesExpense 55 HKD
  qty: "1"
  description: "BANK Fee"
  referenceNo: "394"
  orderId: "1ea7e97d-8904-4f93-a8cc-4cb98eb0587a"
  type: "Bill Item"
  sourceId: "2cb9039d-12f7-4659-9aeb-798556d0e73c"
  Expenses:BankFeesExpense 55 HKD
  qty: "1"
  description: "BANK Fee"
  referenceNo: "394"
  orderId: "1ea7e97d-8904-4f93-a8cc-4cb98eb0587a"
  type: "Bill Item"
  sourceId: "db400d2d-8417-41cf-8562-e5b45f4d98ec"
  Liabilities:CurrentLiabilities:AccountPayable
  referenceNo: "394"
  orderId: "1ea7e97d-8904-4f93-a8cc-4cb98eb0587a"
  type: "Bill"
  sourceId: "1ea7e97d-8904-4f93-a8cc-4cb98eb0587a"
  contact: "880 806 () [53b8789a-4451-4a1f-84f7-a9c5da7ada1a]"
2022-07-26 * "998 12345767 (SkyHigh Holdings Group Ltd) [efdca012-5d6e-4361-8ec7-f5566615d58a]" "Bill Payment for Bill #179 #2fa42c09-cf27-4b00-aeba-6898f64ed00a"
  contact: "998 12345767 (SkyHigh Holdings Group Ltd) [efdca012-5d6e-4361-8ec7-f5566615d58a]"
  Liabilities:CurrentLiabilities:AccountPayable 400 HKD
  type: "Bill Payment"
  sourceId: "2fa42c09-cf27-4b00-aeba-6898f64ed00a"
  referenceNo: "179"
  orderId: "1bfe3b9d-0652-4b9e-ba0a-fc950d542f9d"
  Assets:CurrentAssets:TradeDeposit:TradeDeposit-SkyhighHoldingsGroupLtd -400 HKD
  type: "Bill Payment"
  sourceId: "2fa42c09-cf27-4b00-aeba-6898f64ed00a"
  referenceNo: "179"
  orderId: "1bfe3b9d-0652-4b9e-ba0a-fc950d542f9d"
2022-07-26 * "998 12345696 (CHINA STAR) [18f558fe-9c32-4da8-8102-e67648c847a2]" "Bill Payment for Bill #236 #45f83650-6af9-4b9d-b869-a99e732e2ec5"
  contact: "998 12345696 (CHINA STAR) [18f558fe-9c32-4da8-8102-e67648c847a2]"
  Liabilities:CurrentLiabilities:AccountPayable 49899.25 HKD
  type: "Bill Payment"
  sourceId: "45f83650-6af9-4b9d-b869-a99e732e2ec5"
  referenceNo: "236"
  orderId: "261a7c39-3260-41f5-8820-2fe3c1b8102a"
  Assets:CurrentAssets:Bank:BocSavingBank -49899.25 HKD
  type: "Bill Payment"
  sourceId: "45f83650-6af9-4b9d-b869-a99e732e2ec5"
  referenceNo: "236"
  orderId: "261a7c39-3260-41f5-8820-2fe3c1b8102a"
2022-07-26 * "880 806 () [53b8789a-4451-4a1f-84f7-a9c5da7ada1a]" "Bill Payment for Bill #394 #eb2385dc-b23d-4c2b-b9c6-23384555d49c"
  contact: "880 806 () [53b8789a-4451-4a1f-84f7-a9c5da7ada1a]"
  Liabilities:CurrentLiabilities:AccountPayable 55 HKD
  type: "Bill Payment"
  sourceId: "eb2385dc-b23d-4c2b-b9c6-23384555d49c"
  referenceNo: "394"
  orderId: "1ea7e97d-8904-4f93-a8cc-4cb98eb0587a"
  Assets:CurrentAssets:Bank:BocSavingBank -55 HKD
  type: "Bill Payment"
  sourceId: "eb2385dc-b23d-4c2b-b9c6-23384555d49c"
  referenceNo: "394"
  orderId: "1ea7e97d-8904-4f93-a8cc-4cb98eb0587a"
2022-07-26 * "880 806 () [53b8789a-4451-4a1f-84f7-a9c5da7ada1a]" "Bill Payment for Bill #394 #c21d1d53-3557-4386-b3d7-675ae6cba6b0"
  contact: "880 806 () [53b8789a-4451-4a1f-84f7-a9c5da7ada1a]"
  Liabilities:CurrentLiabilities:AccountPayable 55 HKD
  type: "Bill Payment"
  sourceId: "c21d1d53-3557-4386-b3d7-675ae6cba6b0"
  referenceNo: "394"
  orderId: "1ea7e97d-8904-4f93-a8cc-4cb98eb0587a"
  Assets:CurrentAssets:Bank:BocSavingBank -55 HKD
  type: "Bill Payment"
  sourceId: "c21d1d53-3557-4386-b3d7-675ae6cba6b0"
  referenceNo: "394"
  orderId: "1ea7e97d-8904-4f93-a8cc-4cb98eb0587a"
2022-07-26 * "998 12345696 (CHINA STAR) [18f558fe-9c32-4da8-8102-e67648c847a2]" "Bill Payment for Bill #414 #7a70f556-103e-487e-ba3c-9754ad25997b"
  contact: "998 12345696 (CHINA STAR) [18f558fe-9c32-4da8-8102-e67648c847a2]"
  Liabilities:CurrentLiabilities:AccountPayable 24852.74 HKD
  type: "Bill Payment"
  sourceId: "7a70f556-103e-487e-ba3c-9754ad25997b"
  referenceNo: "414"
  orderId: "0300ba80-4ca9-4403-af34-ba7b833eb54f"
  Assets:CurrentAssets:Bank:BocSavingBank -24852.74 HKD
  type: "Bill Payment"
  sourceId: "7a70f556-103e-487e-ba3c-9754ad25997b"
  referenceNo: "414"
  orderId: "0300ba80-4ca9-4403-af34-ba7b833eb54f"
2022-07-27 * "998 12345767 (SkyHigh Holdings Group Ltd) [efdca012-5d6e-4361-8ec7-f5566615d58a]" "Bill Payment for Bill #647 #ad4e32a6-e23d-4058-af2a-08158d3f3c20"
  contact: "998 12345767 (SkyHigh Holdings Group Ltd) [efdca012-5d6e-4361-8ec7-f5566615d58a]"
  Liabilities:CurrentLiabilities:AccountPayable 2625 HKD
  type: "Bill Payment"
  sourceId: "ad4e32a6-e23d-4058-af2a-08158d3f3c20"
  referenceNo: "647"
  orderId: "324ac028-df2e-439e-8604-9ee8bc14d471"
  Assets:CurrentAssets:TradeDeposit:TradeDeposit-SkyhighHoldingsGroupLtd -2625 HKD
  type: "Bill Payment"
  sourceId: "ad4e32a6-e23d-4058-af2a-08158d3f3c20"
  referenceNo: "647"
  orderId: "324ac028-df2e-439e-8604-9ee8bc14d471"
2022-07-28 * "Bill #240 DKJ-28-07 NEW GIA STOCK PURCHASE"
  referenceNo: "240"
  orderId: "a8ee010c-27e9-4160-a1bf-302bf36cc317"
  type: "Bill"
  Expenses:CostOfSales:Purchase:PurchaseItem:BuyDiamond 40876 HKD
  category: "Natural Diamond"
  sku: "DDFFFFFF0800007431451308"
  qty: 1
  referenceNo: "240"
  orderId: "a8ee010c-27e9-4160-a1bf-302bf36cc317"
  type: "Bill Item"
  sourceId: "919fef8b-4c0e-4229-9f10-fa1729456070"
  Expenses:CostOfSales:Purchase:PurchaseItem:BuyDiamond 46431.56 HKD
  category: "Natural Diamond"
  sku: "DDFFFFFF0800005426784017"
  qty: 1
  referenceNo: "240"
  orderId: "a8ee010c-27e9-4160-a1bf-302bf36cc317"
  type: "Bill Item"
  sourceId: "90facfa8-05bd-480b-802d-7b4fd1db8b0b"
  Liabilities:CurrentLiabilities:AccountPayable
  referenceNo: "240"
  orderId: "a8ee010c-27e9-4160-a1bf-302bf36cc317"
  type: "Bill"
  sourceId: "a8ee010c-27e9-4160-a1bf-302bf36cc317"
  contact: "998 12345690 (BELMOND) [bd69dd8e-67e6-4347-b6bd-f569752098ec]"
2022-07-28 * "998 12345690 (BELMOND) [bd69dd8e-67e6-4347-b6bd-f569752098ec]" "Bill Payment for Bill #240 #a79c4813-77e2-4c59-9b79-6785aabc44f5"
  contact: "998 12345690 (BELMOND) [bd69dd8e-67e6-4347-b6bd-f569752098ec]"
  Liabilities:CurrentLiabilities:AccountPayable 87307.56 HKD
  type: "Bill Payment"
  sourceId: "a79c4813-77e2-4c59-9b79-6785aabc44f5"
  referenceNo: "240"
  orderId: "a8ee010c-27e9-4160-a1bf-302bf36cc317"
  Assets:CurrentAssets:Bank:BocSavingBank -87307.56 HKD
  type: "Bill Payment"
  sourceId: "a79c4813-77e2-4c59-9b79-6785aabc44f5"
  referenceNo: "240"
  orderId: "a8ee010c-27e9-4160-a1bf-302bf36cc317"
2022-07-29 * "Bill #191 kpay016"
  referenceNo: "191"
  orderId: "c627cd8c-0d5b-4f59-aa6f-bdf73f46bab4"
  type: "Bill"
  Expenses:CardFeeExpense 241 HKD
  qty: "1"
  description: "KPAY FEE"
  referenceNo: "191"
  orderId: "c627cd8c-0d5b-4f59-aa6f-bdf73f46bab4"
  type: "Bill Item"
  sourceId: "1378462e-ada1-4ea9-aa22-dd6fe28a73d7"
  Liabilities:CurrentLiabilities:AccountPayable
  referenceNo: "191"
  orderId: "c627cd8c-0d5b-4f59-aa6f-bdf73f46bab4"
  type: "Bill"
  sourceId: "c627cd8c-0d5b-4f59-aa6f-bdf73f46bab4"
  contact: "998 12345821 (KPAY) [5a706f32-7edc-48d8-ae47-62fee1e8bba1]"
2022-07-29 * "Assets:CurrentAssets:Bank:KpayBank" "Invoice Payment for Invoice #167 #e69809b4-af85-4905-bc7d-939eeb1237de"
  Assets:CurrentAssets:Bank:KpayBank 16000 HKD
  type: "Invoice Payment"
  sourceId: "e69809b4-af85-4905-bc7d-939eeb1237de"
  referenceNo: "167"
  orderId: "b48a3d75-3aa7-4a87-8b11-2f9711c8d2f5"
  Assets:CurrentAssets:AccountReceivable -16000 HKD
  type: "Invoice Payment"
  sourceId: "e69809b4-af85-4905-bc7d-939eeb1237de"
  referenceNo: "167"
  orderId: "b48a3d75-3aa7-4a87-8b11-2f9711c8d2f5"
  contact: "852 98385534 (MR. CHENG NICKY) [e6a97aed-3f5c-4617-a723-02015f3dbf54]"
2022-07-29 * "Assets:CurrentAssets:Bank:BocSavingBank" "Invoice Payment for Invoice #72 #18fe64c0-3758-45be-adae-d867c707ac92"
  Assets:CurrentAssets:Bank:BocSavingBank 30000 HKD
  type: "Invoice Payment"
  sourceId: "18fe64c0-3758-45be-adae-d867c707ac92"
  referenceNo: "72"
  orderId: "31ab982f-7c3e-49e2-b090-24e3df1e5405"
  Assets:CurrentAssets:AccountReceivable -30000 HKD
  type: "Invoice Payment"
  sourceId: "18fe64c0-3758-45be-adae-d867c707ac92"
  referenceNo: "72"
  orderId: "31ab982f-7c3e-49e2-b090-24e3df1e5405"
  contact: "852 68456993 (MR. LEE DERRICK) [ac498cc6-39c5-417c-a514-fbb70bbbeee9]"
2022-07-29 * "Assets:CurrentAssets:Cash:CashInHand" "Invoice Payment for Invoice #72 #3c14e7fa-2195-467a-8f26-95cd49afda4b"
  Assets:CurrentAssets:Cash:CashInHand 2100 HKD
  type: "Invoice Payment"
  sourceId: "3c14e7fa-2195-467a-8f26-95cd49afda4b"
  referenceNo: "72"
  orderId: "31ab982f-7c3e-49e2-b090-24e3df1e5405"
  Assets:CurrentAssets:AccountReceivable -2100 HKD
  type: "Invoice Payment"
  sourceId: "3c14e7fa-2195-467a-8f26-95cd49afda4b"
  referenceNo: "72"
  orderId: "31ab982f-7c3e-49e2-b090-24e3df1e5405"
  contact: "852 68456993 (MR. LEE DERRICK) [ac498cc6-39c5-417c-a514-fbb70bbbeee9]"
2022-07-29 * "998 12345821 (KPAY) [5a706f32-7edc-48d8-ae47-62fee1e8bba1]" "Bill Payment for Bill #191 #ab06960e-eb81-4736-8232-43cfd48d52d0"
  contact: "998 12345821 (KPAY) [5a706f32-7edc-48d8-ae47-62fee1e8bba1]"
  Liabilities:CurrentLiabilities:AccountPayable 241 HKD
  type: "Bill Payment"
  sourceId: "ab06960e-eb81-4736-8232-43cfd48d52d0"
  referenceNo: "191"
  orderId: "c627cd8c-0d5b-4f59-aa6f-bdf73f46bab4"
  Assets:CurrentAssets:Bank:KpayBank -241 HKD
  type: "Bill Payment"
  sourceId: "ab06960e-eb81-4736-8232-43cfd48d52d0"
  referenceNo: "191"
  orderId: "c627cd8c-0d5b-4f59-aa6f-bdf73f46bab4"
2022-07-30 * "Invoice #164 INV-0100"
  Income:Sales:SalesItem:Sell18kJewelry -3100 HKD
  category: "Jewelry"
  sku: "DDFFFFFF0200000000000012"
  qty: 1
  referenceNo: "164"
  orderId: "1a792181-bbca-46e6-ae5e-ec9fd5e27770"
  type: "Invoice Item"
  sourceId: "7b5459df-9065-46fa-a681-e53e0d92aa4c"
  Assets:CurrentAssets:AccountReceivable
  referenceNo: "164"
  orderId: "1a792181-bbca-46e6-ae5e-ec9fd5e27770"
  type: "Invoice"
  sourceId: "1a792181-bbca-46e6-ae5e-ec9fd5e27770"
  contact: "852 65774970 (MR.CHEUNG) [606a5847-b72f-406f-8852-b66e98a1b1db]"
2022-07-30 * "Assets:CurrentAssets:Cash:CashInHand" "Invoice Payment for Invoice #164 #5a6230d7-ba58-4e59-9078-af022d2df1fa"
  Assets:CurrentAssets:Cash:CashInHand 3100 HKD
  type: "Invoice Payment"
  sourceId: "5a6230d7-ba58-4e59-9078-af022d2df1fa"
  referenceNo: "164"
  orderId: "1a792181-bbca-46e6-ae5e-ec9fd5e27770"
  Assets:CurrentAssets:AccountReceivable -3100 HKD
  type: "Invoice Payment"
  sourceId: "5a6230d7-ba58-4e59-9078-af022d2df1fa"
  referenceNo: "164"
  orderId: "1a792181-bbca-46e6-ae5e-ec9fd5e27770"
  contact: "852 65774970 (MR.CHEUNG) [606a5847-b72f-406f-8852-b66e98a1b1db]"
2022-07-31 * "Bill #127 kpay015"
  referenceNo: "127"
  orderId: "d6b665e9-5018-420e-8024-1b116784d140"
  type: "Bill"
  Expenses:CardFeeExpense 64.59 HKD
  qty: "1"
  description: "KPAY FEE"
  referenceNo: "127"
  orderId: "d6b665e9-5018-420e-8024-1b116784d140"
  type: "Bill Item"
  sourceId: "ddb361ff-b00c-45f7-a7bc-bbf330fcfeb7"
  Liabilities:CurrentLiabilities:AccountPayable
  referenceNo: "127"
  orderId: "d6b665e9-5018-420e-8024-1b116784d140"
  type: "Bill"
  sourceId: "d6b665e9-5018-420e-8024-1b116784d140"
  contact: "998 12345821 (KPAY) [5a706f32-7edc-48d8-ae47-62fee1e8bba1]"
2022-07-31 * "Assets:CurrentAssets:Bank:KpayBank" "Invoice Payment for Invoice #18 #83621c6c-7ec1-49e7-8b0d-cd1734b582fe"
  Assets:CurrentAssets:Bank:KpayBank 4239 HKD
  type: "Invoice Payment"
  sourceId: "83621c6c-7ec1-49e7-8b0d-cd1734b582fe"
  referenceNo: "18"
  orderId: "f42a2ac2-2430-4cfb-a7cf-820432e03220"
  Assets:CurrentAssets:AccountReceivable -4239 HKD
  type: "Invoice Payment"
  sourceId: "83621c6c-7ec1-49e7-8b0d-cd1734b582fe"
  referenceNo: "18"
  orderId: "f42a2ac2-2430-4cfb-a7cf-820432e03220"
  contact: "852 98382363 (MR. CHAN CHUN HIU) [bbd7a2f5-7044-41c5-8021-42bef56add6f]"
2022-07-31 * "998 12345767 (SkyHigh Holdings Group Ltd) [efdca012-5d6e-4361-8ec7-f5566615d58a]" "Bill Payment for Bill #646 #3d79917a-5ca5-4a4c-89ed-f5d07564e31a"
  contact: "998 12345767 (SkyHigh Holdings Group Ltd) [efdca012-5d6e-4361-8ec7-f5566615d58a]"
  Liabilities:CurrentLiabilities:AccountPayable 2261 HKD
  type: "Bill Payment"
  sourceId: "3d79917a-5ca5-4a4c-89ed-f5d07564e31a"
  referenceNo: "646"
  orderId: "066b442b-3a87-4d4a-9df9-f9298f715d9c"
  Assets:CurrentAssets:TradeDeposit:TradeDeposit-SkyhighHoldingsGroupLtd -2261 HKD
  type: "Bill Payment"
  sourceId: "3d79917a-5ca5-4a4c-89ed-f5d07564e31a"
  referenceNo: "646"
  orderId: "066b442b-3a87-4d4a-9df9-f9298f715d9c"
2022-07-31 * "998 12345821 (KPAY) [5a706f32-7edc-48d8-ae47-62fee1e8bba1]" "Bill Payment for Bill #127 #c92d4419-19b3-4914-8d62-b7f633294f5a"
  contact: "998 12345821 (KPAY) [5a706f32-7edc-48d8-ae47-62fee1e8bba1]"
  Liabilities:CurrentLiabilities:AccountPayable 64.59 HKD
  type: "Bill Payment"
  sourceId: "c92d4419-19b3-4914-8d62-b7f633294f5a"
  referenceNo: "127"
  orderId: "d6b665e9-5018-420e-8024-1b116784d140"
  Assets:CurrentAssets:Bank:KpayBank -64.59 HKD
  type: "Bill Payment"
  sourceId: "c92d4419-19b3-4914-8d62-b7f633294f5a"
  referenceNo: "127"
  orderId: "d6b665e9-5018-420e-8024-1b116784d140"