; ORDER transactions for 2022-05

2022-05-01 * "Bill #89 EX00019"
  referenceNo: "89"
  orderId: "631dce9a-0527-4bb2-b0d2-00d0d0392639"
  type: "Bill"
  Expenses:Rent 17000 HKD
  qty: "1"
  description: "租金及管理費"
  referenceNo: "89"
  orderId: "631dce9a-0527-4bb2-b0d2-00d0d0392639"
  type: "Bill Item"
  sourceId: "cb579317-bd26-4809-a16c-ef44c37e0179"
  Liabilities:CurrentLiabilities:AccountPayable
  referenceNo: "89"
  orderId: "631dce9a-0527-4bb2-b0d2-00d0d0392639"
  type: "Bill"
  sourceId: "631dce9a-0527-4bb2-b0d2-00d0d0392639"
  contact: "880 806 () [53b8789a-4451-4a1f-84f7-a9c5da7ada1a]"
2022-05-03 * "Bill #327 INV.30568 (GIA PURCHASE - USD 2035)"
  referenceNo: "327"
  orderId: "969315c6-625a-4a90-8533-a14eb9019555"
  type: "Bill"
  Expenses:CostOfSales:Purchase:PurchaseItem:BuyDiamond 3710.69 HKD
  category: "Natural Diamond"
  sku: "DDFFFFFF0800005416842727"
  qty: 1
  referenceNo: "327"
  orderId: "969315c6-625a-4a90-8533-a14eb9019555"
  type: "Bill Item"
  sourceId: "475dd513-c1fc-476e-94d2-c6cca9f7c1d1"
  Expenses:CostOfSales:Purchase:PurchaseItem:BuyDiamond 4401.05 HKD
  category: "Natural Diamond"
  sku: "DDFFFFFF0800006415044122"
  qty: 1
  referenceNo: "327"
  orderId: "969315c6-625a-4a90-8533-a14eb9019555"
  type: "Bill Item"
  sourceId: "d7ec1670-ad66-459d-90e7-821afee2647b"
  Expenses:CostOfSales:Purchase:PurchaseItem:BuyDiamond 4142.16 HKD
  category: "Natural Diamond"
  sku: "DDFFFFFF0800003405949633"
  qty: 1
  referenceNo: "327"
  orderId: "969315c6-625a-4a90-8533-a14eb9019555"
  type: "Bill Item"
  sourceId: "8f3c8dc4-3e69-4875-878f-c02535db9f2f"
  Expenses:CostOfSales:Purchase:PurchaseItem:BuyDiamond 3710.69 HKD
  category: "Natural Diamond"
  sku: "DDFFFFFF0800006411665388"
  qty: 1
  referenceNo: "327"
  orderId: "969315c6-625a-4a90-8533-a14eb9019555"
  type: "Bill Item"
  sourceId: "607d5882-006e-42eb-83a1-9ecfa8ede440"
  Liabilities:CurrentLiabilities:AccountPayable
  referenceNo: "327"
  orderId: "969315c6-625a-4a90-8533-a14eb9019555"
  type: "Bill"
  sourceId: "969315c6-625a-4a90-8533-a14eb9019555"
  contact: "998 12345709 (EVEREST GEMS LTD) [57b2054c-8a63-41bb-a352-e717f3833104]"
2022-05-03 * "Bill #96 無 SI - 7421720166 GIA PURCHASE 0.50CT F SI1 3EX NON"
  referenceNo: "96"
  orderId: "9169a78d-aee6-48ad-8135-175d91f109eb"
  type: "Bill"
  Expenses:CostOfSales:Purchase:PurchaseItem:BuyDiamond 11382 HKD
  category: "Natural Diamond"
  sku: "DDFFFFFF0800007421720166"
  qty: 1
  referenceNo: "96"
  orderId: "9169a78d-aee6-48ad-8135-175d91f109eb"
  type: "Bill Item"
  sourceId: "08348811-4cb7-41d7-afee-3d2647787006"
  Liabilities:CurrentLiabilities:AccountPayable
  referenceNo: "96"
  orderId: "9169a78d-aee6-48ad-8135-175d91f109eb"
  type: "Bill"
  sourceId: "9169a78d-aee6-48ad-8135-175d91f109eb"
  contact: "998 12345767 (SkyHigh Holdings Group Ltd) [efdca012-5d6e-4361-8ec7-f5566615d58a]"
2022-05-05 * "Bill #92 INV#01249 GIA PURCHASE"
  referenceNo: "92"
  orderId: "2f817c4e-fe8e-4804-980f-4b9375f143da"
  type: "Bill"
  Expenses:CostOfSales:Purchase:PurchaseItem:BuyDiamond 42837 HKD
  category: "Natural Diamond"
  sku: "DDFFFFFF0800005416867838"
  qty: 1
  referenceNo: "92"
  orderId: "2f817c4e-fe8e-4804-980f-4b9375f143da"
  type: "Bill Item"
  sourceId: "441246bb-0836-4d93-bec3-b40e7d792370"
  Liabilities:CurrentLiabilities:AccountPayable
  referenceNo: "92"
  orderId: "2f817c4e-fe8e-4804-980f-4b9375f143da"
  type: "Bill"
  sourceId: "2f817c4e-fe8e-4804-980f-4b9375f143da"
  contact: "998 12345773 (UNITY INTERNATIONAL(ASIA) LTD.) [62603479-39f9-4de7-81fb-acdfafb6a972]"
2022-05-05 * "998 12345773 (UNITY INTERNATIONAL(ASIA) LTD.) [62603479-39f9-4de7-81fb-acdfafb6a972]" "Bill Payment for Bill #92 #82539a6c-f7d6-408e-ab74-31f31b9806b4"
  contact: "998 12345773 (UNITY INTERNATIONAL(ASIA) LTD.) [62603479-39f9-4de7-81fb-acdfafb6a972]"
  Liabilities:CurrentLiabilities:AccountPayable 42837 HKD
  type: "Bill Payment"
  sourceId: "82539a6c-f7d6-408e-ab74-31f31b9806b4"
  referenceNo: "92"
  orderId: "2f817c4e-fe8e-4804-980f-4b9375f143da"
  Assets:CurrentAssets:TradeDeposit:TradeDeposit-SkyhighHoldingsGroupLtd -42837 HKD
  type: "Bill Payment"
  sourceId: "82539a6c-f7d6-408e-ab74-31f31b9806b4"
  referenceNo: "92"
  orderId: "2f817c4e-fe8e-4804-980f-4b9375f143da"
2022-05-08 * "Invoice #128 ✱ 欠DISPLAY 托 S0056"
  Income:Sales:SalesItem:Sell-ForProcess交外廠加工 -0 HKD
  category: "Ring Setting"
  sku: "DDFFFFFF0B00000000000070"
  qty: 1
  referenceNo: "128"
  orderId: "edc703e9-bccf-490e-8530-2106e91dc69b"
  type: "Invoice Item"
  sourceId: "3ecd3468-070c-4993-ba20-1ecfab97b1aa"
  Assets:CurrentAssets:AccountReceivable
  referenceNo: "128"
  orderId: "edc703e9-bccf-490e-8530-2106e91dc69b"
  type: "Invoice"
  sourceId: "edc703e9-bccf-490e-8530-2106e91dc69b"
  contact: "998 12345767 (SkyHigh Holdings Group Ltd) [efdca012-5d6e-4361-8ec7-f5566615d58a]"
2022-05-08 * "Invoice #68 INV-0052 MR. KONG KARL"
  Income:Sales:SalesItem:Sell-ForProcess交外廠加工 -0 HKD
  category: "Other"
  sku: "Processing 003"
  qty: 1
  referenceNo: "68"
  orderId: "05f8e271-8af7-44a8-940e-e44501d9a7dd"
  type: "Invoice Item"
  sourceId: "760c821c-3ffa-4082-8f20-e6e0dba2a162"
  Income:Sales:SalesItem:SellDiamond -27200 HKD
  category: "Natural Diamond"
  sku: "DDFFFFFF0800002384387459"
  qty: 1
  referenceNo: "68"
  orderId: "05f8e271-8af7-44a8-940e-e44501d9a7dd"
  type: "Invoice Item"
  sourceId: "b1e477f8-60b9-486f-95ff-024c12605e3e"
  Income:Sales:SalesItem:Sell18kJewelry -3320 HKD
  category: "Ring Setting"
  sku: "DDFFFFFF0B00000000000102"
  qty: 1
  referenceNo: "68"
  orderId: "05f8e271-8af7-44a8-940e-e44501d9a7dd"
  type: "Invoice Item"
  sourceId: "f96ef77d-9c23-406f-95e1-0772dfd595b1"
  Assets:CurrentAssets:AccountReceivable
  referenceNo: "68"
  orderId: "05f8e271-8af7-44a8-940e-e44501d9a7dd"
  type: "Invoice"
  sourceId: "05f8e271-8af7-44a8-940e-e44501d9a7dd"
  contact: "852 51648065 (MR. KONG KARL) [0a8647a0-7fef-4198-8dbf-725b7888072b]"
2022-05-08 * "Bill #569 SI-10237 , INV-0052, NO SI, GIA PURCHASE"
  referenceNo: "569"
  orderId: "dd11e1e7-b526-44f2-a928-8257b10e4d6f"
  type: "Bill"
  Expenses:CostOfSales:Purchase:PurchaseItem:Buy18kJewelry 1959 HKD
  category: "Ring Setting"
  sku: "DDFFFFFF0B00000000000070"
  qty: 1
  referenceNo: "569"
  orderId: "dd11e1e7-b526-44f2-a928-8257b10e4d6f"
  type: "Bill Item"
  sourceId: "a289db49-0036-4708-9655-5d73a3a1426f"
  Expenses:CostOfSales:Purchase:PurchaseItem:BuyDiamond 24021.39 HKD
  category: "Natural Diamond"
  sku: "DDFFFFFF0800002384387459"
  qty: 1
  referenceNo: "569"
  orderId: "dd11e1e7-b526-44f2-a928-8257b10e4d6f"
  type: "Bill Item"
  sourceId: "68adb108-837b-42b8-9010-7ea8929cc93b"
  Expenses:CostOfSales:Purchase:PurchaseItem:BuyCost-ProcessingFee 300 HKD
  category: "Other"
  sku: "Processing 003"
  qty: 1
  referenceNo: "569"
  orderId: "dd11e1e7-b526-44f2-a928-8257b10e4d6f"
  type: "Bill Item"
  sourceId: "31532190-b588-4ef9-a8c2-f1c67554edf8"
  Liabilities:CurrentLiabilities:AccountPayable
  referenceNo: "569"
  orderId: "dd11e1e7-b526-44f2-a928-8257b10e4d6f"
  type: "Bill"
  sourceId: "dd11e1e7-b526-44f2-a928-8257b10e4d6f"
  contact: "998 12345767 (SkyHigh Holdings Group Ltd) [efdca012-5d6e-4361-8ec7-f5566615d58a]"
2022-05-08 * "Liabilities:CurrentLiabilities:CurrentAccount:C-a-ElmaJewelryLtd" "Invoice Payment for Invoice #68 #aa39516b-c826-44f0-a46e-7ea3a7fe054e"
  Liabilities:CurrentLiabilities:CurrentAccount:C-a-ElmaJewelryLtd 4800 HKD
  type: "Invoice Payment"
  sourceId: "aa39516b-c826-44f0-a46e-7ea3a7fe054e"
  referenceNo: "68"
  orderId: "05f8e271-8af7-44a8-940e-e44501d9a7dd"
  Assets:CurrentAssets:AccountReceivable -4800 HKD
  type: "Invoice Payment"
  sourceId: "aa39516b-c826-44f0-a46e-7ea3a7fe054e"
  referenceNo: "68"
  orderId: "05f8e271-8af7-44a8-940e-e44501d9a7dd"
  contact: "852 51648065 (MR. KONG KARL) [0a8647a0-7fef-4198-8dbf-725b7888072b]"
2022-05-08 * "Liabilities:CurrentLiabilities:CurrentAccount:C-a-ElmaJewelryLtd" "Invoice Payment for Invoice #68 #7e6dd46f-c009-48c0-a2b4-4aaa4abb70b4"
  Liabilities:CurrentLiabilities:CurrentAccount:C-a-ElmaJewelryLtd 10460 HKD
  type: "Invoice Payment"
  sourceId: "7e6dd46f-c009-48c0-a2b4-4aaa4abb70b4"
  referenceNo: "68"
  orderId: "05f8e271-8af7-44a8-940e-e44501d9a7dd"
  Assets:CurrentAssets:AccountReceivable -10460 HKD
  type: "Invoice Payment"
  sourceId: "7e6dd46f-c009-48c0-a2b4-4aaa4abb70b4"
  referenceNo: "68"
  orderId: "05f8e271-8af7-44a8-940e-e44501d9a7dd"
  contact: "852 51648065 (MR. KONG KARL) [0a8647a0-7fef-4198-8dbf-725b7888072b]"
2022-05-09 * "998 12345767 (SkyHigh Holdings Group Ltd) [efdca012-5d6e-4361-8ec7-f5566615d58a]" "Bill Payment for Bill #91 #11a7586d-3303-4b42-a09f-0b988c18760c"
  contact: "998 12345767 (SkyHigh Holdings Group Ltd) [efdca012-5d6e-4361-8ec7-f5566615d58a]"
  Liabilities:CurrentLiabilities:AccountPayable 41320 HKD
  type: "Bill Payment"
  sourceId: "11a7586d-3303-4b42-a09f-0b988c18760c"
  referenceNo: "91"
  orderId: "2afb59ea-2be3-4373-a518-14d01449b67e"
  Assets:CurrentAssets:TradeDeposit:TradeDeposit-SkyhighHoldingsGroupLtd -41320 HKD
  type: "Bill Payment"
  sourceId: "11a7586d-3303-4b42-a09f-0b988c18760c"
  referenceNo: "91"
  orderId: "2afb59ea-2be3-4373-a518-14d01449b67e"
2022-05-10 * "Liabilities:CurrentLiabilities:CurrentAccount:C-a-MilrichElectronicsHkCoLtd" "Invoice Payment for Invoice #169 #4e25b496-7e66-4ebd-8426-77d5222212c9"
  Liabilities:CurrentLiabilities:CurrentAccount:C-a-MilrichElectronicsHkCoLtd 6350 HKD
  type: "Invoice Payment"
  sourceId: "4e25b496-7e66-4ebd-8426-77d5222212c9"
  referenceNo: "169"
  orderId: "b6ab24f5-164c-4a6a-bfc3-85bc5d3609a4"
  Assets:CurrentAssets:AccountReceivable -6350 HKD
  type: "Invoice Payment"
  sourceId: "4e25b496-7e66-4ebd-8426-77d5222212c9"
  referenceNo: "169"
  orderId: "b6ab24f5-164c-4a6a-bfc3-85bc5d3609a4"
  contact: "998 12345708 (David Kwan(Director)) [02ab8da0-959b-440e-9733-c02eab1b0288]"
2022-05-10 * "998 12345767 (SkyHigh Holdings Group Ltd) [efdca012-5d6e-4361-8ec7-f5566615d58a]" "Bill Payment for Bill #74 #1c19f0d2-9b99-4881-96df-9dd840af8555"
  contact: "998 12345767 (SkyHigh Holdings Group Ltd) [efdca012-5d6e-4361-8ec7-f5566615d58a]"
  Liabilities:CurrentLiabilities:AccountPayable 203066 HKD
  type: "Bill Payment"
  sourceId: "1c19f0d2-9b99-4881-96df-9dd840af8555"
  referenceNo: "74"
  orderId: "a32e07b6-9030-4256-8121-7a1ace2e9e70"
  Assets:CurrentAssets:TradeDeposit:TradeDeposit-SkyhighHoldingsGroupLtd -203066 HKD
  type: "Bill Payment"
  sourceId: "1c19f0d2-9b99-4881-96df-9dd840af8555"
  referenceNo: "74"
  orderId: "a32e07b6-9030-4256-8121-7a1ace2e9e70"
2022-05-10 * "998 12345767 (SkyHigh Holdings Group Ltd) [efdca012-5d6e-4361-8ec7-f5566615d58a]" "Bill Payment for Bill #565 #db8329f5-2618-4c99-995f-5fc76836f228"
  contact: "998 12345767 (SkyHigh Holdings Group Ltd) [efdca012-5d6e-4361-8ec7-f5566615d58a]"
  Liabilities:CurrentLiabilities:AccountPayable 41851 HKD
  type: "Bill Payment"
  sourceId: "db8329f5-2618-4c99-995f-5fc76836f228"
  referenceNo: "565"
  orderId: "1f821f1f-4aa1-4307-a7ed-4c99d7287973"
  Assets:CurrentAssets:TradeDeposit:TradeDeposit-SkyhighHoldingsGroupLtd -41851 HKD
  type: "Bill Payment"
  sourceId: "db8329f5-2618-4c99-995f-5fc76836f228"
  referenceNo: "565"
  orderId: "1f821f1f-4aa1-4307-a7ed-4c99d7287973"
2022-05-10 * "998 12345767 (SkyHigh Holdings Group Ltd) [efdca012-5d6e-4361-8ec7-f5566615d58a]" "Bill Payment for Bill #644 #65860f09-a0fd-4860-bb08-6904845adc5a"
  contact: "998 12345767 (SkyHigh Holdings Group Ltd) [efdca012-5d6e-4361-8ec7-f5566615d58a]"
  Liabilities:CurrentLiabilities:AccountPayable 2959 HKD
  type: "Bill Payment"
  sourceId: "65860f09-a0fd-4860-bb08-6904845adc5a"
  referenceNo: "644"
  orderId: "8b1bc756-dd2e-4527-9ced-2a5cf6d6593c"
  Assets:CurrentAssets:TradeDeposit:TradeDeposit-SkyhighHoldingsGroupLtd -2959 HKD
  type: "Bill Payment"
  sourceId: "65860f09-a0fd-4860-bb08-6904845adc5a"
  referenceNo: "644"
  orderId: "8b1bc756-dd2e-4527-9ced-2a5cf6d6593c"
2022-05-10 * "998 12345767 (SkyHigh Holdings Group Ltd) [efdca012-5d6e-4361-8ec7-f5566615d58a]" "Bill Payment for Bill #575 #8ce66301-035b-4f01-908f-dd2dbbada22b"
  contact: "998 12345767 (SkyHigh Holdings Group Ltd) [efdca012-5d6e-4361-8ec7-f5566615d58a]"
  Liabilities:CurrentLiabilities:AccountPayable 2001 HKD
  type: "Bill Payment"
  sourceId: "8ce66301-035b-4f01-908f-dd2dbbada22b"
  referenceNo: "575"
  orderId: "b7cf48db-e772-4d5d-8462-111b98b2990a"
  Assets:CurrentAssets:TradeDeposit:TradeDeposit-SkyhighHoldingsGroupLtd -2001 HKD
  type: "Bill Payment"
  sourceId: "8ce66301-035b-4f01-908f-dd2dbbada22b"
  referenceNo: "575"
  orderId: "b7cf48db-e772-4d5d-8462-111b98b2990a"
2022-05-10 * "998 12345767 (SkyHigh Holdings Group Ltd) [efdca012-5d6e-4361-8ec7-f5566615d58a]" "Bill Payment for Bill #46 #a8e98bbe-6021-4602-a22f-0cb37faec074"
  contact: "998 12345767 (SkyHigh Holdings Group Ltd) [efdca012-5d6e-4361-8ec7-f5566615d58a]"
  Liabilities:CurrentLiabilities:AccountPayable 13549 HKD
  type: "Bill Payment"
  sourceId: "a8e98bbe-6021-4602-a22f-0cb37faec074"
  referenceNo: "46"
  orderId: "efc205b6-bec6-4090-91aa-877c57654ea0"
  Assets:CurrentAssets:TradeDeposit:TradeDeposit-SkyhighHoldingsGroupLtd -13549 HKD
  type: "Bill Payment"
  sourceId: "a8e98bbe-6021-4602-a22f-0cb37faec074"
  referenceNo: "46"
  orderId: "efc205b6-bec6-4090-91aa-877c57654ea0"
2022-05-10 * "998 12345767 (SkyHigh Holdings Group Ltd) [efdca012-5d6e-4361-8ec7-f5566615d58a]" "Bill Payment for Bill #547 #28ff3d91-3ca5-4930-90db-2461de5e7048"
  contact: "998 12345767 (SkyHigh Holdings Group Ltd) [efdca012-5d6e-4361-8ec7-f5566615d58a]"
  Liabilities:CurrentLiabilities:AccountPayable 3100 HKD
  type: "Bill Payment"
  sourceId: "28ff3d91-3ca5-4930-90db-2461de5e7048"
  referenceNo: "547"
  orderId: "d3afd217-939d-4132-b425-6c3e4ac2bd59"
  Assets:CurrentAssets:TradeDeposit:TradeDeposit-SkyhighHoldingsGroupLtd -3100 HKD
  type: "Bill Payment"
  sourceId: "28ff3d91-3ca5-4930-90db-2461de5e7048"
  referenceNo: "547"
  orderId: "d3afd217-939d-4132-b425-6c3e4ac2bd59"
2022-05-10 * "998 12345767 (SkyHigh Holdings Group Ltd) [efdca012-5d6e-4361-8ec7-f5566615d58a]" "Bill Payment for Bill #549 #7934d8a1-0de0-4a50-82b0-3123874ce485"
  contact: "998 12345767 (SkyHigh Holdings Group Ltd) [efdca012-5d6e-4361-8ec7-f5566615d58a]"
  Liabilities:CurrentLiabilities:AccountPayable 2298 HKD
  type: "Bill Payment"
  sourceId: "7934d8a1-0de0-4a50-82b0-3123874ce485"
  referenceNo: "549"
  orderId: "8f573e16-805e-4229-80a9-efc29b0b9d93"
  Assets:CurrentAssets:TradeDeposit:TradeDeposit-SkyhighHoldingsGroupLtd -2298 HKD
  type: "Bill Payment"
  sourceId: "7934d8a1-0de0-4a50-82b0-3123874ce485"
  referenceNo: "549"
  orderId: "8f573e16-805e-4229-80a9-efc29b0b9d93"
2022-05-10 * "998 12345767 (SkyHigh Holdings Group Ltd) [efdca012-5d6e-4361-8ec7-f5566615d58a]" "Bill Payment for Bill #593 #6662b734-61bb-43e6-87c5-1b4f3f911698"
  contact: "998 12345767 (SkyHigh Holdings Group Ltd) [efdca012-5d6e-4361-8ec7-f5566615d58a]"
  Liabilities:CurrentLiabilities:AccountPayable 10001 HKD
  type: "Bill Payment"
  sourceId: "6662b734-61bb-43e6-87c5-1b4f3f911698"
  referenceNo: "593"
  orderId: "6b9b066f-7a21-4fe8-9b80-e09f86c3687f"
  Assets:CurrentAssets:TradeDeposit:TradeDeposit-SkyhighHoldingsGroupLtd -10001 HKD
  type: "Bill Payment"
  sourceId: "6662b734-61bb-43e6-87c5-1b4f3f911698"
  referenceNo: "593"
  orderId: "6b9b066f-7a21-4fe8-9b80-e09f86c3687f"
2022-05-10 * "998 12345767 (SkyHigh Holdings Group Ltd) [efdca012-5d6e-4361-8ec7-f5566615d58a]" "Bill Payment for Bill #99 #1efaddc3-8f5d-4b29-a236-8fbfa58b05ed"
  contact: "998 12345767 (SkyHigh Holdings Group Ltd) [efdca012-5d6e-4361-8ec7-f5566615d58a]"
  Liabilities:CurrentLiabilities:AccountPayable 7100 HKD
  type: "Bill Payment"
  sourceId: "1efaddc3-8f5d-4b29-a236-8fbfa58b05ed"
  referenceNo: "99"
  orderId: "07e5b320-50d0-4548-960f-628c95a1b841"
  Assets:CurrentAssets:TradeDeposit:TradeDeposit-SkyhighHoldingsGroupLtd -7100 HKD
  type: "Bill Payment"
  sourceId: "1efaddc3-8f5d-4b29-a236-8fbfa58b05ed"
  referenceNo: "99"
  orderId: "07e5b320-50d0-4548-960f-628c95a1b841"
2022-05-10 * "998 12345767 (SkyHigh Holdings Group Ltd) [efdca012-5d6e-4361-8ec7-f5566615d58a]" "Bill Payment for Bill #594 #c000a928-ecee-4245-8f8f-4c680f91fe8e"
  contact: "998 12345767 (SkyHigh Holdings Group Ltd) [efdca012-5d6e-4361-8ec7-f5566615d58a]"
  Liabilities:CurrentLiabilities:AccountPayable 40102 HKD
  type: "Bill Payment"
  sourceId: "c000a928-ecee-4245-8f8f-4c680f91fe8e"
  referenceNo: "594"
  orderId: "2cc02dd9-f674-4d39-ab84-e879ce92415c"
  Assets:CurrentAssets:TradeDeposit:TradeDeposit-SkyhighHoldingsGroupLtd -40102 HKD
  type: "Bill Payment"
  sourceId: "c000a928-ecee-4245-8f8f-4c680f91fe8e"
  referenceNo: "594"
  orderId: "2cc02dd9-f674-4d39-ab84-e879ce92415c"
2022-05-10 * "998 12345767 (SkyHigh Holdings Group Ltd) [efdca012-5d6e-4361-8ec7-f5566615d58a]" "Bill Payment for Bill #640 #b5a3dea6-f0a7-4b2f-bf94-ec7e6085d41d"
  contact: "998 12345767 (SkyHigh Holdings Group Ltd) [efdca012-5d6e-4361-8ec7-f5566615d58a]"
  Liabilities:CurrentLiabilities:AccountPayable 41316 HKD
  type: "Bill Payment"
  sourceId: "b5a3dea6-f0a7-4b2f-bf94-ec7e6085d41d"
  referenceNo: "640"
  orderId: "66615b4b-ead3-4961-9335-05bb840780eb"
  Assets:CurrentAssets:TradeDeposit:TradeDeposit-SkyhighHoldingsGroupLtd -41316 HKD
  type: "Bill Payment"
  sourceId: "b5a3dea6-f0a7-4b2f-bf94-ec7e6085d41d"
  referenceNo: "640"
  orderId: "66615b4b-ead3-4961-9335-05bb840780eb"
2022-05-10 * "998 12345767 (SkyHigh Holdings Group Ltd) [efdca012-5d6e-4361-8ec7-f5566615d58a]" "Bill Payment for Bill #17 #82038103-75ef-4a05-801b-0ff028fc5018"
  contact: "998 12345767 (SkyHigh Holdings Group Ltd) [efdca012-5d6e-4361-8ec7-f5566615d58a]"
  Liabilities:CurrentLiabilities:AccountPayable 6694 HKD
  type: "Bill Payment"
  sourceId: "82038103-75ef-4a05-801b-0ff028fc5018"
  referenceNo: "17"
  orderId: "901b2bbc-8b4a-4341-87dd-efe987e74b2a"
  Assets:CurrentAssets:TradeDeposit:TradeDeposit-SkyhighHoldingsGroupLtd -6694 HKD
  type: "Bill Payment"
  sourceId: "82038103-75ef-4a05-801b-0ff028fc5018"
  referenceNo: "17"
  orderId: "901b2bbc-8b4a-4341-87dd-efe987e74b2a"
2022-05-10 * "998 12345767 (SkyHigh Holdings Group Ltd) [efdca012-5d6e-4361-8ec7-f5566615d58a]" "Bill Payment for Bill #101 #5dde0379-a1c1-4662-9b57-cf8371a1dc38"
  contact: "998 12345767 (SkyHigh Holdings Group Ltd) [efdca012-5d6e-4361-8ec7-f5566615d58a]"
  Liabilities:CurrentLiabilities:AccountPayable 8912 HKD
  type: "Bill Payment"
  sourceId: "5dde0379-a1c1-4662-9b57-cf8371a1dc38"
  referenceNo: "101"
  orderId: "646793c8-cacb-4b3a-89ce-ef027d68d7ee"
  Assets:CurrentAssets:TradeDeposit:TradeDeposit-SkyhighHoldingsGroupLtd -8912 HKD
  type: "Bill Payment"
  sourceId: "5dde0379-a1c1-4662-9b57-cf8371a1dc38"
  referenceNo: "101"
  orderId: "646793c8-cacb-4b3a-89ce-ef027d68d7ee"
2022-05-10 * "998 12345767 (SkyHigh Holdings Group Ltd) [efdca012-5d6e-4361-8ec7-f5566615d58a]" "Bill Payment for Bill #589 #37f13075-878e-4453-aba7-b13ee9a53a2a"
  contact: "998 12345767 (SkyHigh Holdings Group Ltd) [efdca012-5d6e-4361-8ec7-f5566615d58a]"
  Liabilities:CurrentLiabilities:AccountPayable 48400 HKD
  type: "Bill Payment"
  sourceId: "37f13075-878e-4453-aba7-b13ee9a53a2a"
  referenceNo: "589"
  orderId: "c2f67822-e335-41ef-8259-f9b930be2ffc"
  Assets:CurrentAssets:TradeDeposit:TradeDeposit-SkyhighHoldingsGroupLtd -48400 HKD
  type: "Bill Payment"
  sourceId: "37f13075-878e-4453-aba7-b13ee9a53a2a"
  referenceNo: "589"
  orderId: "c2f67822-e335-41ef-8259-f9b930be2ffc"
2022-05-10 * "998 12345767 (SkyHigh Holdings Group Ltd) [efdca012-5d6e-4361-8ec7-f5566615d58a]" "Bill Payment for Bill #57 #848965ac-815f-4a99-9c48-06c2846e63cd"
  contact: "998 12345767 (SkyHigh Holdings Group Ltd) [efdca012-5d6e-4361-8ec7-f5566615d58a]"
  Liabilities:CurrentLiabilities:AccountPayable 33687 HKD
  type: "Bill Payment"
  sourceId: "848965ac-815f-4a99-9c48-06c2846e63cd"
  referenceNo: "57"
  orderId: "98cec6a6-ebc6-478a-b544-872776552c01"
  Assets:CurrentAssets:TradeDeposit:TradeDeposit-SkyhighHoldingsGroupLtd -33687 HKD
  type: "Bill Payment"
  sourceId: "848965ac-815f-4a99-9c48-06c2846e63cd"
  referenceNo: "57"
  orderId: "98cec6a6-ebc6-478a-b544-872776552c01"
2022-05-10 * "998 12345767 (SkyHigh Holdings Group Ltd) [efdca012-5d6e-4361-8ec7-f5566615d58a]" "Bill Payment for Bill #595 #807aaebe-89b5-4f9d-905f-e6ed0c1b0f3c"
  contact: "998 12345767 (SkyHigh Holdings Group Ltd) [efdca012-5d6e-4361-8ec7-f5566615d58a]"
  Liabilities:CurrentLiabilities:AccountPayable 44387 HKD
  type: "Bill Payment"
  sourceId: "807aaebe-89b5-4f9d-905f-e6ed0c1b0f3c"
  referenceNo: "595"
  orderId: "0f6df657-2bc2-4a5e-a25e-b659ab3e7f26"
  Assets:CurrentAssets:TradeDeposit:TradeDeposit-SkyhighHoldingsGroupLtd -44387 HKD
  type: "Bill Payment"
  sourceId: "807aaebe-89b5-4f9d-905f-e6ed0c1b0f3c"
  referenceNo: "595"
  orderId: "0f6df657-2bc2-4a5e-a25e-b659ab3e7f26"
2022-05-10 * "998 12345767 (SkyHigh Holdings Group Ltd) [efdca012-5d6e-4361-8ec7-f5566615d58a]" "Bill Payment for Bill #575 #ebbcff78-6848-41bb-acaa-3a285ae8b098"
  contact: "998 12345767 (SkyHigh Holdings Group Ltd) [efdca012-5d6e-4361-8ec7-f5566615d58a]"
  Liabilities:CurrentLiabilities:AccountPayable 12210 HKD
  type: "Bill Payment"
  sourceId: "ebbcff78-6848-41bb-acaa-3a285ae8b098"
  referenceNo: "575"
  orderId: "b7cf48db-e772-4d5d-8462-111b98b2990a"
  Assets:CurrentAssets:TradeDeposit:TradeDeposit-SkyhighHoldingsGroupLtd -12210 HKD
  type: "Bill Payment"
  sourceId: "ebbcff78-6848-41bb-acaa-3a285ae8b098"
  referenceNo: "575"
  orderId: "b7cf48db-e772-4d5d-8462-111b98b2990a"
2022-05-10 * "998 12345767 (SkyHigh Holdings Group Ltd) [efdca012-5d6e-4361-8ec7-f5566615d58a]" "Bill Payment for Bill #608 #a8c564a4-2700-40a2-86ca-7f930526623e"
  contact: "998 12345767 (SkyHigh Holdings Group Ltd) [efdca012-5d6e-4361-8ec7-f5566615d58a]"
  Liabilities:CurrentLiabilities:AccountPayable 40305 HKD
  type: "Bill Payment"
  sourceId: "a8c564a4-2700-40a2-86ca-7f930526623e"
  referenceNo: "608"
  orderId: "ee815062-7812-475f-8861-16fbb5b6264f"
  Assets:CurrentAssets:TradeDeposit:TradeDeposit-SkyhighHoldingsGroupLtd -40305 HKD
  type: "Bill Payment"
  sourceId: "a8c564a4-2700-40a2-86ca-7f930526623e"
  referenceNo: "608"
  orderId: "ee815062-7812-475f-8861-16fbb5b6264f"
2022-05-10 * "998 12345767 (SkyHigh Holdings Group Ltd) [efdca012-5d6e-4361-8ec7-f5566615d58a]" "Bill Payment for Bill #65 #108bebd2-a073-4e7c-a743-ad7f294701b1"
  contact: "998 12345767 (SkyHigh Holdings Group Ltd) [efdca012-5d6e-4361-8ec7-f5566615d58a]"
  Liabilities:CurrentLiabilities:AccountPayable 6350 HKD
  type: "Bill Payment"
  sourceId: "108bebd2-a073-4e7c-a743-ad7f294701b1"
  referenceNo: "65"
  orderId: "87f918e5-cc0e-415c-88ed-4da9ac1b897a"
  Assets:CurrentAssets:TradeDeposit:TradeDeposit-SkyhighHoldingsGroupLtd -6350 HKD
  type: "Bill Payment"
  sourceId: "108bebd2-a073-4e7c-a743-ad7f294701b1"
  referenceNo: "65"
  orderId: "87f918e5-cc0e-415c-88ed-4da9ac1b897a"
2022-05-10 * "998 12345767 (SkyHigh Holdings Group Ltd) [efdca012-5d6e-4361-8ec7-f5566615d58a]" "Bill Payment for Bill #52 #c6257cec-7b05-4339-b158-2d91df691373"
  contact: "998 12345767 (SkyHigh Holdings Group Ltd) [efdca012-5d6e-4361-8ec7-f5566615d58a]"
  Liabilities:CurrentLiabilities:AccountPayable 37000 HKD
  type: "Bill Payment"
  sourceId: "c6257cec-7b05-4339-b158-2d91df691373"
  referenceNo: "52"
  orderId: "cfd9c898-b2a1-4f8f-b35b-40ea92619fc8"
  Assets:CurrentAssets:TradeDeposit:TradeDeposit-SkyhighHoldingsGroupLtd -37000 HKD
  type: "Bill Payment"
  sourceId: "c6257cec-7b05-4339-b158-2d91df691373"
  referenceNo: "52"
  orderId: "cfd9c898-b2a1-4f8f-b35b-40ea92619fc8"
2022-05-10 * "998 12345767 (SkyHigh Holdings Group Ltd) [efdca012-5d6e-4361-8ec7-f5566615d58a]" "Bill Payment for Bill #94 #8d7f05c0-4009-48ef-9527-549c9e015a8a"
  contact: "998 12345767 (SkyHigh Holdings Group Ltd) [efdca012-5d6e-4361-8ec7-f5566615d58a]"
  Liabilities:CurrentLiabilities:AccountPayable 6873 HKD
  type: "Bill Payment"
  sourceId: "8d7f05c0-4009-48ef-9527-549c9e015a8a"
  referenceNo: "94"
  orderId: "f8feded1-80a8-45a3-8292-572daebd0192"
  Assets:CurrentAssets:TradeDeposit:TradeDeposit-SkyhighHoldingsGroupLtd -6873 HKD
  type: "Bill Payment"
  sourceId: "8d7f05c0-4009-48ef-9527-549c9e015a8a"
  referenceNo: "94"
  orderId: "f8feded1-80a8-45a3-8292-572daebd0192"
2022-05-10 * "998 12345767 (SkyHigh Holdings Group Ltd) [efdca012-5d6e-4361-8ec7-f5566615d58a]" "Bill Payment for Bill #610 #7a1398dc-2c7b-4a7b-ad78-0fe27509891a"
  contact: "998 12345767 (SkyHigh Holdings Group Ltd) [efdca012-5d6e-4361-8ec7-f5566615d58a]"
  Liabilities:CurrentLiabilities:AccountPayable 15854 HKD
  type: "Bill Payment"
  sourceId: "7a1398dc-2c7b-4a7b-ad78-0fe27509891a"
  referenceNo: "610"
  orderId: "488ee1d9-c02b-4310-bb18-68dd3679e5f5"
  Assets:CurrentAssets:TradeDeposit:TradeDeposit-SkyhighHoldingsGroupLtd -15854 HKD
  type: "Bill Payment"
  sourceId: "7a1398dc-2c7b-4a7b-ad78-0fe27509891a"
  referenceNo: "610"
  orderId: "488ee1d9-c02b-4310-bb18-68dd3679e5f5"
2022-05-10 * "998 12345767 (SkyHigh Holdings Group Ltd) [efdca012-5d6e-4361-8ec7-f5566615d58a]" "Bill Payment for Bill #585 #6382a9c8-3e99-47ba-a52b-e1f96dfc5831"
  contact: "998 12345767 (SkyHigh Holdings Group Ltd) [efdca012-5d6e-4361-8ec7-f5566615d58a]"
  Liabilities:CurrentLiabilities:AccountPayable 7666 HKD
  type: "Bill Payment"
  sourceId: "6382a9c8-3e99-47ba-a52b-e1f96dfc5831"
  referenceNo: "585"
  orderId: "b35dada9-4edc-4df6-8a4e-fb9f942a19b2"
  Assets:CurrentAssets:TradeDeposit:TradeDeposit-SkyhighHoldingsGroupLtd -7666 HKD
  type: "Bill Payment"
  sourceId: "6382a9c8-3e99-47ba-a52b-e1f96dfc5831"
  referenceNo: "585"
  orderId: "b35dada9-4edc-4df6-8a4e-fb9f942a19b2"
2022-05-10 * "998 12345767 (SkyHigh Holdings Group Ltd) [efdca012-5d6e-4361-8ec7-f5566615d58a]" "Bill Payment for Bill #601 #ae2ed65c-6cd9-47cd-b6a0-02420de5dfba"
  contact: "998 12345767 (SkyHigh Holdings Group Ltd) [efdca012-5d6e-4361-8ec7-f5566615d58a]"
  Liabilities:CurrentLiabilities:AccountPayable 17233 HKD
  type: "Bill Payment"
  sourceId: "ae2ed65c-6cd9-47cd-b6a0-02420de5dfba"
  referenceNo: "601"
  orderId: "e48a4456-295f-43d3-a36e-459d15c93c60"
  Assets:CurrentAssets:TradeDeposit:TradeDeposit-SkyhighHoldingsGroupLtd -17233 HKD
  type: "Bill Payment"
  sourceId: "ae2ed65c-6cd9-47cd-b6a0-02420de5dfba"
  referenceNo: "601"
  orderId: "e48a4456-295f-43d3-a36e-459d15c93c60"
2022-05-10 * "998 12345767 (SkyHigh Holdings Group Ltd) [efdca012-5d6e-4361-8ec7-f5566615d58a]" "Bill Payment for Bill #76 #50a93ccf-0e9c-4a48-82de-9cd328d3022d"
  contact: "998 12345767 (SkyHigh Holdings Group Ltd) [efdca012-5d6e-4361-8ec7-f5566615d58a]"
  Liabilities:CurrentLiabilities:AccountPayable 7260 HKD
  type: "Bill Payment"
  sourceId: "50a93ccf-0e9c-4a48-82de-9cd328d3022d"
  referenceNo: "76"
  orderId: "fe1e3e6e-b408-4de8-9df2-e1068c7d3cf5"
  Assets:CurrentAssets:TradeDeposit:TradeDeposit-SkyhighHoldingsGroupLtd -7260 HKD
  type: "Bill Payment"
  sourceId: "50a93ccf-0e9c-4a48-82de-9cd328d3022d"
  referenceNo: "76"
  orderId: "fe1e3e6e-b408-4de8-9df2-e1068c7d3cf5"
2022-05-10 * "998 12345767 (SkyHigh Holdings Group Ltd) [efdca012-5d6e-4361-8ec7-f5566615d58a]" "Bill Payment for Bill #100 #86557eaf-06b3-4999-bc82-e204e25f311c"
  contact: "998 12345767 (SkyHigh Holdings Group Ltd) [efdca012-5d6e-4361-8ec7-f5566615d58a]"
  Liabilities:CurrentLiabilities:AccountPayable 74315 HKD
  type: "Bill Payment"
  sourceId: "86557eaf-06b3-4999-bc82-e204e25f311c"
  referenceNo: "100"
  orderId: "5c04ab5b-4d0b-4485-ac8b-cb4cad32567b"
  Assets:CurrentAssets:TradeDeposit:TradeDeposit-SkyhighHoldingsGroupLtd -74315 HKD
  type: "Bill Payment"
  sourceId: "86557eaf-06b3-4999-bc82-e204e25f311c"
  referenceNo: "100"
  orderId: "5c04ab5b-4d0b-4485-ac8b-cb4cad32567b"
2022-05-10 * "998 12345767 (SkyHigh Holdings Group Ltd) [efdca012-5d6e-4361-8ec7-f5566615d58a]" "Bill Payment for Bill #596 #e007d074-6e12-4dde-aeea-6ec8e7f1521c"
  contact: "998 12345767 (SkyHigh Holdings Group Ltd) [efdca012-5d6e-4361-8ec7-f5566615d58a]"
  Liabilities:CurrentLiabilities:AccountPayable 33709 HKD
  type: "Bill Payment"
  sourceId: "e007d074-6e12-4dde-aeea-6ec8e7f1521c"
  referenceNo: "596"
  orderId: "81b9ac8f-9a95-46f9-ae1e-1fe12966a3ab"
  Assets:CurrentAssets:TradeDeposit:TradeDeposit-SkyhighHoldingsGroupLtd -33709 HKD
  type: "Bill Payment"
  sourceId: "e007d074-6e12-4dde-aeea-6ec8e7f1521c"
  referenceNo: "596"
  orderId: "81b9ac8f-9a95-46f9-ae1e-1fe12966a3ab"
2022-05-10 * "998 12345767 (SkyHigh Holdings Group Ltd) [efdca012-5d6e-4361-8ec7-f5566615d58a]" "Bill Payment for Bill #581 #4399b85a-05f6-43de-98d0-5d68a47edc04"
  contact: "998 12345767 (SkyHigh Holdings Group Ltd) [efdca012-5d6e-4361-8ec7-f5566615d58a]"
  Liabilities:CurrentLiabilities:AccountPayable 2503 HKD
  type: "Bill Payment"
  sourceId: "4399b85a-05f6-43de-98d0-5d68a47edc04"
  referenceNo: "581"
  orderId: "da23a674-78af-4c0a-b043-21fb04a2fe1b"
  Assets:CurrentAssets:TradeDeposit:TradeDeposit-SkyhighHoldingsGroupLtd -2503 HKD
  type: "Bill Payment"
  sourceId: "4399b85a-05f6-43de-98d0-5d68a47edc04"
  referenceNo: "581"
  orderId: "da23a674-78af-4c0a-b043-21fb04a2fe1b"
2022-05-10 * "998 12345767 (SkyHigh Holdings Group Ltd) [efdca012-5d6e-4361-8ec7-f5566615d58a]" "Bill Payment for Bill #582 #4e28c3f3-2193-4501-9452-ecc9bf5bc80c"
  contact: "998 12345767 (SkyHigh Holdings Group Ltd) [efdca012-5d6e-4361-8ec7-f5566615d58a]"
  Liabilities:CurrentLiabilities:AccountPayable 10486 HKD
  type: "Bill Payment"
  sourceId: "4e28c3f3-2193-4501-9452-ecc9bf5bc80c"
  referenceNo: "582"
  orderId: "bdbc9c90-fe7a-4f9a-8942-70647881c215"
  Assets:CurrentAssets:TradeDeposit:TradeDeposit-SkyhighHoldingsGroupLtd -10486 HKD
  type: "Bill Payment"
  sourceId: "4e28c3f3-2193-4501-9452-ecc9bf5bc80c"
  referenceNo: "582"
  orderId: "bdbc9c90-fe7a-4f9a-8942-70647881c215"
2022-05-10 * "998 12345767 (SkyHigh Holdings Group Ltd) [efdca012-5d6e-4361-8ec7-f5566615d58a]" "Bill Payment for Bill #615 #83a8ad11-f323-4978-abde-17f212286c0c"
  contact: "998 12345767 (SkyHigh Holdings Group Ltd) [efdca012-5d6e-4361-8ec7-f5566615d58a]"
  Liabilities:CurrentLiabilities:AccountPayable 7708 HKD
  type: "Bill Payment"
  sourceId: "83a8ad11-f323-4978-abde-17f212286c0c"
  referenceNo: "615"
  orderId: "ad79bb81-992b-49ad-8ecf-db40b28f6357"
  Assets:CurrentAssets:TradeDeposit:TradeDeposit-SkyhighHoldingsGroupLtd -7708 HKD
  type: "Bill Payment"
  sourceId: "83a8ad11-f323-4978-abde-17f212286c0c"
  referenceNo: "615"
  orderId: "ad79bb81-992b-49ad-8ecf-db40b28f6357"
2022-05-10 * "998 12345767 (SkyHigh Holdings Group Ltd) [efdca012-5d6e-4361-8ec7-f5566615d58a]" "Bill Payment for Bill #96 #bb5ba803-7d44-4701-8266-09437ab332cb"
  contact: "998 12345767 (SkyHigh Holdings Group Ltd) [efdca012-5d6e-4361-8ec7-f5566615d58a]"
  Liabilities:CurrentLiabilities:AccountPayable 11382 HKD
  type: "Bill Payment"
  sourceId: "bb5ba803-7d44-4701-8266-09437ab332cb"
  referenceNo: "96"
  orderId: "9169a78d-aee6-48ad-8135-175d91f109eb"
  Assets:CurrentAssets:Cash:CashInHand -11382 HKD
  type: "Bill Payment"
  sourceId: "bb5ba803-7d44-4701-8266-09437ab332cb"
  referenceNo: "96"
  orderId: "9169a78d-aee6-48ad-8135-175d91f109eb"
2022-05-10 * "998 12345767 (SkyHigh Holdings Group Ltd) [efdca012-5d6e-4361-8ec7-f5566615d58a]" "Bill Payment for Bill #569 #06184969-c282-4627-93ee-b5b5d38010f2"
  contact: "998 12345767 (SkyHigh Holdings Group Ltd) [efdca012-5d6e-4361-8ec7-f5566615d58a]"
  Liabilities:CurrentLiabilities:AccountPayable 24021.39 HKD
  type: "Bill Payment"
  sourceId: "06184969-c282-4627-93ee-b5b5d38010f2"
  referenceNo: "569"
  orderId: "dd11e1e7-b526-44f2-a928-8257b10e4d6f"
  Assets:CurrentAssets:Cash:CashInHand -24021.39 HKD
  type: "Bill Payment"
  sourceId: "06184969-c282-4627-93ee-b5b5d38010f2"
  referenceNo: "569"
  orderId: "dd11e1e7-b526-44f2-a928-8257b10e4d6f"
2022-05-10 * "998 12345767 (SkyHigh Holdings Group Ltd) [efdca012-5d6e-4361-8ec7-f5566615d58a]" "Bill Payment for Bill #62 #c95efe27-0516-409a-b824-2f88da3e5751"
  contact: "998 12345767 (SkyHigh Holdings Group Ltd) [efdca012-5d6e-4361-8ec7-f5566615d58a]"
  Liabilities:CurrentLiabilities:AccountPayable 300 HKD
  type: "Bill Payment"
  sourceId: "c95efe27-0516-409a-b824-2f88da3e5751"
  referenceNo: "62"
  orderId: "f1e7d29b-de71-45ac-b95e-02e0fb6a4f14"
  Assets:CurrentAssets:TradeDeposit:TradeDeposit-SkyhighHoldingsGroupLtd -300 HKD
  type: "Bill Payment"
  sourceId: "c95efe27-0516-409a-b824-2f88da3e5751"
  referenceNo: "62"
  orderId: "f1e7d29b-de71-45ac-b95e-02e0fb6a4f14"
2022-05-10 * "998 12345709 (EVEREST GEMS LTD) [57b2054c-8a63-41bb-a352-e717f3833104]" "Bill Payment for Bill #327 #231e048f-a87b-4406-9e1c-1d3b1b4e7b5e"
  contact: "998 12345709 (EVEREST GEMS LTD) [57b2054c-8a63-41bb-a352-e717f3833104]"
  Liabilities:CurrentLiabilities:AccountPayable 15964.59 HKD
  type: "Bill Payment"
  sourceId: "231e048f-a87b-4406-9e1c-1d3b1b4e7b5e"
  referenceNo: "327"
  orderId: "969315c6-625a-4a90-8533-a14eb9019555"
  Assets:CurrentAssets:Cash:CashInHand -15964.59 HKD
  type: "Bill Payment"
  sourceId: "231e048f-a87b-4406-9e1c-1d3b1b4e7b5e"
  referenceNo: "327"
  orderId: "969315c6-625a-4a90-8533-a14eb9019555"
2022-05-10 * "998 12345770 (TWINKLEDIAM HONG KONG LTD) [d2e73164-7688-4f4c-b342-12d5e1a440fc]" "Bill Payment for Bill #82 #47aae949-0ee7-4366-a9df-8515cc26755f"
  contact: "998 12345770 (TWINKLEDIAM HONG KONG LTD) [d2e73164-7688-4f4c-b342-12d5e1a440fc]"
  Liabilities:CurrentLiabilities:AccountPayable 52685 HKD
  type: "Bill Payment"
  sourceId: "47aae949-0ee7-4366-a9df-8515cc26755f"
  referenceNo: "82"
  orderId: "fd6594bf-3354-4c63-bdd4-eb84a8fbc581"
  Assets:CurrentAssets:TradeDeposit:TradeDeposit-SkyhighHoldingsGroupLtd -52685 HKD
  type: "Bill Payment"
  sourceId: "47aae949-0ee7-4366-a9df-8515cc26755f"
  referenceNo: "82"
  orderId: "fd6594bf-3354-4c63-bdd4-eb84a8fbc581"
2022-05-11 * "Bill #102 SI10233 NEW STOCK"
  referenceNo: "102"
  orderId: "fdda47e1-c328-4fe0-8522-6fccd0a1be40"
  type: "Bill"
  Expenses:CostOfSales:Purchase:PurchaseItem:Buy18kJewelry 1887 HKD
  category: "Ring Setting"
  sku: "DDFFFFFF0B00000000000055"
  qty: 1
  referenceNo: "102"
  orderId: "fdda47e1-c328-4fe0-8522-6fccd0a1be40"
  type: "Bill Item"
  sourceId: "88677c2e-2520-466a-ad5f-450dbaf79ba0"
  Expenses:CostOfSales:Purchase:PurchaseItem:Buy18kJewelry 1712 HKD
  category: "Ring Setting"
  sku: "DDFFFFFF0B00000000000078"
  qty: 1
  referenceNo: "102"
  orderId: "fdda47e1-c328-4fe0-8522-6fccd0a1be40"
  type: "Bill Item"
  sourceId: "3777f9f0-a08d-448b-bc63-5be371071478"
  Expenses:CostOfSales:Purchase:PurchaseItem:Buy18kJewelry 1354 HKD
  category: "Ring Setting"
  sku: "DDFFFFFF0B00000000000077"
  qty: 1
  referenceNo: "102"
  orderId: "fdda47e1-c328-4fe0-8522-6fccd0a1be40"
  type: "Bill Item"
  sourceId: "ddb53e6f-63e8-42e3-950f-9ac67e1bc26b"
  Expenses:CostOfSales:Purchase:PurchaseItem:Buy18kJewelry 1519 HKD
  category: "Ring Setting"
  sku: "DDFFFFFF0B00000000000054"
  qty: 1
  referenceNo: "102"
  orderId: "fdda47e1-c328-4fe0-8522-6fccd0a1be40"
  type: "Bill Item"
  sourceId: "56ea4e04-31cc-4315-a739-ae5453f3612d"
  Expenses:CostOfSales:Purchase:PurchaseItem:Buy18kJewelry 2280 HKD
  category: "Ring Setting"
  sku: "DDFFFFFF0B00000000000079"
  qty: 1
  referenceNo: "102"
  orderId: "fdda47e1-c328-4fe0-8522-6fccd0a1be40"
  type: "Bill Item"
  sourceId: "98680955-d181-4803-bb56-db571d7f251c"
  Liabilities:CurrentLiabilities:AccountPayable
  referenceNo: "102"
  orderId: "fdda47e1-c328-4fe0-8522-6fccd0a1be40"
  type: "Bill"
  sourceId: "fdda47e1-c328-4fe0-8522-6fccd0a1be40"
  contact: "998 12345767 (SkyHigh Holdings Group Ltd) [efdca012-5d6e-4361-8ec7-f5566615d58a]"
2022-05-11 * "Liabilities:CurrentLiabilities:CurrentAccount:C-a-ElmaJewelryLtd" "Invoice Payment for Invoice #31 #0cf3a936-b7a0-4e38-89d3-dc4685cd902a"
  Liabilities:CurrentLiabilities:CurrentAccount:C-a-ElmaJewelryLtd 47000 HKD
  type: "Invoice Payment"
  sourceId: "0cf3a936-b7a0-4e38-89d3-dc4685cd902a"
  referenceNo: "31"
  orderId: "a895693f-308f-4c0f-adf0-42d521f64204"
  Assets:CurrentAssets:AccountReceivable -47000 HKD
  type: "Invoice Payment"
  sourceId: "0cf3a936-b7a0-4e38-89d3-dc4685cd902a"
  referenceNo: "31"
  orderId: "a895693f-308f-4c0f-adf0-42d521f64204"
  contact: "852 60904061 (MR. BENLEY) [d7b41054-6af9-49af-9762-8b45a398a688]"
2022-05-11 * "998 12345767 (SkyHigh Holdings Group Ltd) [efdca012-5d6e-4361-8ec7-f5566615d58a]" "Bill Payment for Bill #102 #4b6276c6-80c2-4f4b-8a02-c14d99c5022e"
  contact: "998 12345767 (SkyHigh Holdings Group Ltd) [efdca012-5d6e-4361-8ec7-f5566615d58a]"
  Liabilities:CurrentLiabilities:AccountPayable 8752 HKD
  type: "Bill Payment"
  sourceId: "4b6276c6-80c2-4f4b-8a02-c14d99c5022e"
  referenceNo: "102"
  orderId: "fdda47e1-c328-4fe0-8522-6fccd0a1be40"
  Assets:CurrentAssets:TradeDeposit:TradeDeposit-SkyhighHoldingsGroupLtd -8752 HKD
  type: "Bill Payment"
  sourceId: "4b6276c6-80c2-4f4b-8a02-c14d99c5022e"
  referenceNo: "102"
  orderId: "fdda47e1-c328-4fe0-8522-6fccd0a1be40"
2022-05-15 * "880 806 () [53b8789a-4451-4a1f-84f7-a9c5da7ada1a]" "Bill Payment for Bill #63 #fba0d163-8f56-4a86-8ff4-7dc749770bb2"
  contact: "880 806 () [53b8789a-4451-4a1f-84f7-a9c5da7ada1a]"
  Liabilities:CurrentLiabilities:AccountPayable 380 HKD
  type: "Bill Payment"
  sourceId: "fba0d163-8f56-4a86-8ff4-7dc749770bb2"
  referenceNo: "63"
  orderId: "a18996d2-32b3-4d9b-af9b-fad80ab6a4b9"
  Liabilities:CurrentLiabilities:CurrentAccount:C-a-MilrichElectronicsHkCoLtd -380 HKD
  type: "Bill Payment"
  sourceId: "fba0d163-8f56-4a86-8ff4-7dc749770bb2"
  referenceNo: "63"
  orderId: "a18996d2-32b3-4d9b-af9b-fad80ab6a4b9"
2022-05-15 * "880 806 () [53b8789a-4451-4a1f-84f7-a9c5da7ada1a]" "Bill Payment for Bill #112 #053d3d64-aa77-4df5-a9e1-08f764915dae"
  contact: "880 806 () [53b8789a-4451-4a1f-84f7-a9c5da7ada1a]"
  Liabilities:CurrentLiabilities:AccountPayable 380 HKD
  type: "Bill Payment"
  sourceId: "053d3d64-aa77-4df5-a9e1-08f764915dae"
  referenceNo: "112"
  orderId: "9aede93b-96a4-404e-af9b-8c87933ae9a8"
  Liabilities:CurrentLiabilities:CurrentAccount:C-a-MilrichElectronicsHkCoLtd -380 HKD
  type: "Bill Payment"
  sourceId: "053d3d64-aa77-4df5-a9e1-08f764915dae"
  referenceNo: "112"
  orderId: "9aede93b-96a4-404e-af9b-8c87933ae9a8"
2022-05-16 * "880 806 () [53b8789a-4451-4a1f-84f7-a9c5da7ada1a]" "Bill Payment for Bill #117 #17e14f55-065f-496c-b032-3467f386cc25"
  contact: "880 806 () [53b8789a-4451-4a1f-84f7-a9c5da7ada1a]"
  Liabilities:CurrentLiabilities:AccountPayable 79 HKD
  type: "Bill Payment"
  sourceId: "17e14f55-065f-496c-b032-3467f386cc25"
  referenceNo: "117"
  orderId: "81ed89f7-bc77-4f6f-8449-48be3d740199"
  Liabilities:CurrentLiabilities:CurrentAccount:C-a-MilrichElectronicsHkCoLtd -79 HKD
  type: "Bill Payment"
  sourceId: "17e14f55-065f-496c-b032-3467f386cc25"
  referenceNo: "117"
  orderId: "81ed89f7-bc77-4f6f-8449-48be3d740199"
2022-05-16 * "880 806 () [53b8789a-4451-4a1f-84f7-a9c5da7ada1a]" "Bill Payment for Bill #109 #74587343-6e13-4e4f-96a0-327be8e958e1"
  contact: "880 806 () [53b8789a-4451-4a1f-84f7-a9c5da7ada1a]"
  Liabilities:CurrentLiabilities:AccountPayable 1648 HKD
  type: "Bill Payment"
  sourceId: "74587343-6e13-4e4f-96a0-327be8e958e1"
  referenceNo: "109"
  orderId: "d37a2bdc-8fed-4a4a-9c23-3050c64bc137"
  Liabilities:CurrentLiabilities:CurrentAccount:C-a-MilrichElectronicsHkCoLtd -1648 HKD
  type: "Bill Payment"
  sourceId: "74587343-6e13-4e4f-96a0-327be8e958e1"
  referenceNo: "109"
  orderId: "d37a2bdc-8fed-4a4a-9c23-3050c64bc137"
2022-05-16 * "880 806 () [53b8789a-4451-4a1f-84f7-a9c5da7ada1a]" "Bill Payment for Bill #104 #947cebfb-df85-412f-abcc-c66d216c0349"
  contact: "880 806 () [53b8789a-4451-4a1f-84f7-a9c5da7ada1a]"
  Liabilities:CurrentLiabilities:AccountPayable 1648 HKD
  type: "Bill Payment"
  sourceId: "947cebfb-df85-412f-abcc-c66d216c0349"
  referenceNo: "104"
  orderId: "29d4e5f3-9f2e-4eb8-a566-6c8c6af585fe"
  Liabilities:CurrentLiabilities:CurrentAccount:C-a-MilrichElectronicsHkCoLtd -1648 HKD
  type: "Bill Payment"
  sourceId: "947cebfb-df85-412f-abcc-c66d216c0349"
  referenceNo: "104"
  orderId: "29d4e5f3-9f2e-4eb8-a566-6c8c6af585fe"
2022-05-16 * "880 806 () [53b8789a-4451-4a1f-84f7-a9c5da7ada1a]" "Bill Payment for Bill #119 #057f3474-c0a7-4d59-90e1-9207a0afeba7"
  contact: "880 806 () [53b8789a-4451-4a1f-84f7-a9c5da7ada1a]"
  Liabilities:CurrentLiabilities:AccountPayable 19400 HKD
  type: "Bill Payment"
  sourceId: "057f3474-c0a7-4d59-90e1-9207a0afeba7"
  referenceNo: "119"
  orderId: "36c5531e-a457-4434-986d-3059f491ff6c"
  Liabilities:CurrentLiabilities:CurrentAccount:C-a-MilrichElectronicsHkCoLtd -19400 HKD
  type: "Bill Payment"
  sourceId: "057f3474-c0a7-4d59-90e1-9207a0afeba7"
  referenceNo: "119"
  orderId: "36c5531e-a457-4434-986d-3059f491ff6c"
2022-05-16 * "880 806 () [53b8789a-4451-4a1f-84f7-a9c5da7ada1a]" "Bill Payment for Bill #68 #2877a0c0-d5bb-4ebb-8577-21a1752a7b50"
  contact: "880 806 () [53b8789a-4451-4a1f-84f7-a9c5da7ada1a]"
  Liabilities:CurrentLiabilities:AccountPayable 299 HKD
  type: "Bill Payment"
  sourceId: "2877a0c0-d5bb-4ebb-8577-21a1752a7b50"
  referenceNo: "68"
  orderId: "ca93ab95-3dc6-4bfc-bffc-4e2aa742b1ca"
  Liabilities:CurrentLiabilities:CurrentAccount:C-a-MilrichElectronicsHkCoLtd -299 HKD
  type: "Bill Payment"
  sourceId: "2877a0c0-d5bb-4ebb-8577-21a1752a7b50"
  referenceNo: "68"
  orderId: "ca93ab95-3dc6-4bfc-bffc-4e2aa742b1ca"
2022-05-16 * "880 806 () [53b8789a-4451-4a1f-84f7-a9c5da7ada1a]" "Bill Payment for Bill #71 #b116c08a-c15d-4722-8087-7f0073dd5993"
  contact: "880 806 () [53b8789a-4451-4a1f-84f7-a9c5da7ada1a]"
  Liabilities:CurrentLiabilities:AccountPayable 475 HKD
  type: "Bill Payment"
  sourceId: "b116c08a-c15d-4722-8087-7f0073dd5993"
  referenceNo: "71"
  orderId: "4b04bc4d-58e0-491d-99f4-bda8689e1dc7"
  Liabilities:CurrentLiabilities:CurrentAccount:C-a-MilrichElectronicsHkCoLtd -475 HKD
  type: "Bill Payment"
  sourceId: "b116c08a-c15d-4722-8087-7f0073dd5993"
  referenceNo: "71"
  orderId: "4b04bc4d-58e0-491d-99f4-bda8689e1dc7"
2022-05-16 * "880 806 () [53b8789a-4451-4a1f-84f7-a9c5da7ada1a]" "Bill Payment for Bill #54 #a4f812d4-7636-4323-b6c0-6b7f43b2dcab"
  contact: "880 806 () [53b8789a-4451-4a1f-84f7-a9c5da7ada1a]"
  Liabilities:CurrentLiabilities:AccountPayable 380 HKD
  type: "Bill Payment"
  sourceId: "a4f812d4-7636-4323-b6c0-6b7f43b2dcab"
  referenceNo: "54"
  orderId: "4de2c6b9-1410-4b7f-95ee-7037040eb458"
  Liabilities:CurrentLiabilities:CurrentAccount:C-a-MilrichElectronicsHkCoLtd -380 HKD
  type: "Bill Payment"
  sourceId: "a4f812d4-7636-4323-b6c0-6b7f43b2dcab"
  referenceNo: "54"
  orderId: "4de2c6b9-1410-4b7f-95ee-7037040eb458"
2022-05-16 * "880 806 () [53b8789a-4451-4a1f-84f7-a9c5da7ada1a]" "Bill Payment for Bill #43 #4a8b31cf-160e-4694-b618-095ea93e53ea"
  contact: "880 806 () [53b8789a-4451-4a1f-84f7-a9c5da7ada1a]"
  Liabilities:CurrentLiabilities:AccountPayable 19475 HKD
  type: "Bill Payment"
  sourceId: "4a8b31cf-160e-4694-b618-095ea93e53ea"
  referenceNo: "43"
  orderId: "627dcf14-aa7c-4524-9664-0a8927d0d9c0"
  Liabilities:CurrentLiabilities:CurrentAccount:C-a-MilrichElectronicsHkCoLtd -19475 HKD
  type: "Bill Payment"
  sourceId: "4a8b31cf-160e-4694-b618-095ea93e53ea"
  referenceNo: "43"
  orderId: "627dcf14-aa7c-4524-9664-0a8927d0d9c0"
2022-05-16 * "880 806 () [53b8789a-4451-4a1f-84f7-a9c5da7ada1a]" "Bill Payment for Bill #110 #5497f863-502f-4cd0-858f-da56a755d09a"
  contact: "880 806 () [53b8789a-4451-4a1f-84f7-a9c5da7ada1a]"
  Liabilities:CurrentLiabilities:AccountPayable 651 HKD
  type: "Bill Payment"
  sourceId: "5497f863-502f-4cd0-858f-da56a755d09a"
  referenceNo: "110"
  orderId: "e476cef0-dcda-474c-b13b-e5baa93b0df0"
  Liabilities:CurrentLiabilities:CurrentAccount:C-a-MilrichElectronicsHkCoLtd -651 HKD
  type: "Bill Payment"
  sourceId: "5497f863-502f-4cd0-858f-da56a755d09a"
  referenceNo: "110"
  orderId: "e476cef0-dcda-474c-b13b-e5baa93b0df0"
2022-05-16 * "880 806 () [53b8789a-4451-4a1f-84f7-a9c5da7ada1a]" "Bill Payment for Bill #115 #f56d8c0c-03d3-4513-8db6-c8de8b149927"
  contact: "880 806 () [53b8789a-4451-4a1f-84f7-a9c5da7ada1a]"
  Liabilities:CurrentLiabilities:AccountPayable 3216 HKD
  type: "Bill Payment"
  sourceId: "f56d8c0c-03d3-4513-8db6-c8de8b149927"
  referenceNo: "115"
  orderId: "d4aed8db-d3df-4ac5-b077-a6c64479e61b"
  Liabilities:CurrentLiabilities:CurrentAccount:C-a-MilrichElectronicsHkCoLtd -3216 HKD
  type: "Bill Payment"
  sourceId: "f56d8c0c-03d3-4513-8db6-c8de8b149927"
  referenceNo: "115"
  orderId: "d4aed8db-d3df-4ac5-b077-a6c64479e61b"
2022-05-16 * "880 806 () [53b8789a-4451-4a1f-84f7-a9c5da7ada1a]" "Bill Payment for Bill #67 #0be67b24-358d-4499-97bb-b10b50aef3f3"
  contact: "880 806 () [53b8789a-4451-4a1f-84f7-a9c5da7ada1a]"
  Liabilities:CurrentLiabilities:AccountPayable 17000 HKD
  type: "Bill Payment"
  sourceId: "0be67b24-358d-4499-97bb-b10b50aef3f3"
  referenceNo: "67"
  orderId: "4242c158-87fc-4e99-b6ee-03ba9227e965"
  Liabilities:CurrentLiabilities:CurrentAccount:C-a-MilrichElectronicsHkCoLtd -17000 HKD
  type: "Bill Payment"
  sourceId: "0be67b24-358d-4499-97bb-b10b50aef3f3"
  referenceNo: "67"
  orderId: "4242c158-87fc-4e99-b6ee-03ba9227e965"
2022-05-16 * "880 806 () [53b8789a-4451-4a1f-84f7-a9c5da7ada1a]" "Bill Payment for Bill #11 #33276107-0791-4554-ae14-525e64e361cb"
  contact: "880 806 () [53b8789a-4451-4a1f-84f7-a9c5da7ada1a]"
  Liabilities:CurrentLiabilities:AccountPayable 937 HKD
  type: "Bill Payment"
  sourceId: "33276107-0791-4554-ae14-525e64e361cb"
  referenceNo: "11"
  orderId: "38f1f6be-a46d-4020-abad-fbf8acbfd8eb"
  Liabilities:CurrentLiabilities:CurrentAccount:C-a-MilrichElectronicsHkCoLtd -937 HKD
  type: "Bill Payment"
  sourceId: "33276107-0791-4554-ae14-525e64e361cb"
  referenceNo: "11"
  orderId: "38f1f6be-a46d-4020-abad-fbf8acbfd8eb"
2022-05-16 * "880 806 () [53b8789a-4451-4a1f-84f7-a9c5da7ada1a]" "Bill Payment for Bill #125 #06128497-4716-4b35-a486-246d5d4c09e8"
  contact: "880 806 () [53b8789a-4451-4a1f-84f7-a9c5da7ada1a]"
  Liabilities:CurrentLiabilities:AccountPayable 597 HKD
  type: "Bill Payment"
  sourceId: "06128497-4716-4b35-a486-246d5d4c09e8"
  referenceNo: "125"
  orderId: "2c377c29-e3cb-418e-972e-2c49632482c5"
  Liabilities:CurrentLiabilities:CurrentAccount:C-a-MilrichElectronicsHkCoLtd -597 HKD
  type: "Bill Payment"
  sourceId: "06128497-4716-4b35-a486-246d5d4c09e8"
  referenceNo: "125"
  orderId: "2c377c29-e3cb-418e-972e-2c49632482c5"
2022-05-16 * "880 806 () [53b8789a-4451-4a1f-84f7-a9c5da7ada1a]" "Bill Payment for Bill #89 #76767e43-fafe-4c4b-a4a1-81e8201b88b3"
  contact: "880 806 () [53b8789a-4451-4a1f-84f7-a9c5da7ada1a]"
  Liabilities:CurrentLiabilities:AccountPayable 17000 HKD
  type: "Bill Payment"
  sourceId: "76767e43-fafe-4c4b-a4a1-81e8201b88b3"
  referenceNo: "89"
  orderId: "631dce9a-0527-4bb2-b0d2-00d0d0392639"
  Liabilities:CurrentLiabilities:CurrentAccount:C-a-MilrichElectronicsHkCoLtd -17000 HKD
  type: "Bill Payment"
  sourceId: "76767e43-fafe-4c4b-a4a1-81e8201b88b3"
  referenceNo: "89"
  orderId: "631dce9a-0527-4bb2-b0d2-00d0d0392639"
2022-05-16 * "880 806 () [53b8789a-4451-4a1f-84f7-a9c5da7ada1a]" "Bill Payment for Bill #41 #6c0bbefd-7c3b-4f58-9d89-5b620cc6fa20"
  contact: "880 806 () [53b8789a-4451-4a1f-84f7-a9c5da7ada1a]"
  Liabilities:CurrentLiabilities:AccountPayable 1099 HKD
  type: "Bill Payment"
  sourceId: "6c0bbefd-7c3b-4f58-9d89-5b620cc6fa20"
  referenceNo: "41"
  orderId: "95e3a97b-d7f4-4d78-a9df-e11f29b6d483"
  Liabilities:CurrentLiabilities:CurrentAccount:C-a-MilrichElectronicsHkCoLtd -1099 HKD
  type: "Bill Payment"
  sourceId: "6c0bbefd-7c3b-4f58-9d89-5b620cc6fa20"
  referenceNo: "41"
  orderId: "95e3a97b-d7f4-4d78-a9df-e11f29b6d483"
2022-05-16 * "880 806 () [53b8789a-4451-4a1f-84f7-a9c5da7ada1a]" "Bill Payment for Bill #66 #6c504dcf-2c57-4d42-944c-e7b9f5506290"
  contact: "880 806 () [53b8789a-4451-4a1f-84f7-a9c5da7ada1a]"
  Liabilities:CurrentLiabilities:AccountPayable 380 HKD
  type: "Bill Payment"
  sourceId: "6c504dcf-2c57-4d42-944c-e7b9f5506290"
  referenceNo: "66"
  orderId: "efa596f4-8810-48a2-b76d-0d299156ebdb"
  Liabilities:CurrentLiabilities:CurrentAccount:C-a-MilrichElectronicsHkCoLtd -380 HKD
  type: "Bill Payment"
  sourceId: "6c504dcf-2c57-4d42-944c-e7b9f5506290"
  referenceNo: "66"
  orderId: "efa596f4-8810-48a2-b76d-0d299156ebdb"
2022-05-16 * "880 806 () [53b8789a-4451-4a1f-84f7-a9c5da7ada1a]" "Bill Payment for Bill #104 #79a73a45-4682-4f0b-819b-bfe18c5cd3a3"
  contact: "880 806 () [53b8789a-4451-4a1f-84f7-a9c5da7ada1a]"
  Liabilities:CurrentLiabilities:AccountPayable 19400 HKD
  type: "Bill Payment"
  sourceId: "79a73a45-4682-4f0b-819b-bfe18c5cd3a3"
  referenceNo: "104"
  orderId: "29d4e5f3-9f2e-4eb8-a566-6c8c6af585fe"
  Liabilities:CurrentLiabilities:CurrentAccount:C-a-MilrichElectronicsHkCoLtd -19400 HKD
  type: "Bill Payment"
  sourceId: "79a73a45-4682-4f0b-819b-bfe18c5cd3a3"
  referenceNo: "104"
  orderId: "29d4e5f3-9f2e-4eb8-a566-6c8c6af585fe"
2022-05-16 * "880 806 () [53b8789a-4451-4a1f-84f7-a9c5da7ada1a]" "Bill Payment for Bill #103 #68eb5322-8c77-4e96-a568-38c5a6fb81c7"
  contact: "880 806 () [53b8789a-4451-4a1f-84f7-a9c5da7ada1a]"
  Liabilities:CurrentLiabilities:AccountPayable 380 HKD
  type: "Bill Payment"
  sourceId: "68eb5322-8c77-4e96-a568-38c5a6fb81c7"
  referenceNo: "103"
  orderId: "be32bf4d-2956-4b94-8537-8c5c2df1508b"
  Liabilities:CurrentLiabilities:CurrentAccount:C-a-MilrichElectronicsHkCoLtd -380 HKD
  type: "Bill Payment"
  sourceId: "68eb5322-8c77-4e96-a568-38c5a6fb81c7"
  referenceNo: "103"
  orderId: "be32bf4d-2956-4b94-8537-8c5c2df1508b"
2022-05-16 * "880 806 () [53b8789a-4451-4a1f-84f7-a9c5da7ada1a]" "Bill Payment for Bill #77 #758ec5eb-efcb-4642-b98e-37a1f449a028"
  contact: "880 806 () [53b8789a-4451-4a1f-84f7-a9c5da7ada1a]"
  Liabilities:CurrentLiabilities:AccountPayable 19400 HKD
  type: "Bill Payment"
  sourceId: "758ec5eb-efcb-4642-b98e-37a1f449a028"
  referenceNo: "77"
  orderId: "f310e449-c52f-42ba-8556-d660568cf322"
  Liabilities:CurrentLiabilities:CurrentAccount:C-a-MilrichElectronicsHkCoLtd -19400 HKD
  type: "Bill Payment"
  sourceId: "758ec5eb-efcb-4642-b98e-37a1f449a028"
  referenceNo: "77"
  orderId: "f310e449-c52f-42ba-8556-d660568cf322"
2022-05-16 * "880 806 () [53b8789a-4451-4a1f-84f7-a9c5da7ada1a]" "Bill Payment for Bill #50 #64b5c2a7-396d-45ac-979a-a74984e3bf65"
  contact: "880 806 () [53b8789a-4451-4a1f-84f7-a9c5da7ada1a]"
  Liabilities:CurrentLiabilities:AccountPayable 299 HKD
  type: "Bill Payment"
  sourceId: "64b5c2a7-396d-45ac-979a-a74984e3bf65"
  referenceNo: "50"
  orderId: "acd6a94d-84fe-41d3-ac88-5687a8585acd"
  Liabilities:CurrentLiabilities:CurrentAccount:C-a-MilrichElectronicsHkCoLtd -299 HKD
  type: "Bill Payment"
  sourceId: "64b5c2a7-396d-45ac-979a-a74984e3bf65"
  referenceNo: "50"
  orderId: "acd6a94d-84fe-41d3-ac88-5687a8585acd"
2022-05-16 * "880 806 () [53b8789a-4451-4a1f-84f7-a9c5da7ada1a]" "Bill Payment for Bill #98 #9bca02a3-d079-4efa-b517-dde5b55133ab"
  contact: "880 806 () [53b8789a-4451-4a1f-84f7-a9c5da7ada1a]"
  Liabilities:CurrentLiabilities:AccountPayable 19400 HKD
  type: "Bill Payment"
  sourceId: "9bca02a3-d079-4efa-b517-dde5b55133ab"
  referenceNo: "98"
  orderId: "63eb74d3-1de1-4f18-9649-bf93b0640dca"
  Liabilities:CurrentLiabilities:CurrentAccount:C-a-MilrichElectronicsHkCoLtd -19400 HKD
  type: "Bill Payment"
  sourceId: "9bca02a3-d079-4efa-b517-dde5b55133ab"
  referenceNo: "98"
  orderId: "63eb74d3-1de1-4f18-9649-bf93b0640dca"
2022-05-16 * "880 806 () [53b8789a-4451-4a1f-84f7-a9c5da7ada1a]" "Bill Payment for Bill #98 #bf7c2647-b6ec-4876-af66-05196868f510"
  contact: "880 806 () [53b8789a-4451-4a1f-84f7-a9c5da7ada1a]"
  Liabilities:CurrentLiabilities:AccountPayable 1648 HKD
  type: "Bill Payment"
  sourceId: "bf7c2647-b6ec-4876-af66-05196868f510"
  referenceNo: "98"
  orderId: "63eb74d3-1de1-4f18-9649-bf93b0640dca"
  Liabilities:CurrentLiabilities:CurrentAccount:C-a-MilrichElectronicsHkCoLtd -1648 HKD
  type: "Bill Payment"
  sourceId: "bf7c2647-b6ec-4876-af66-05196868f510"
  referenceNo: "98"
  orderId: "63eb74d3-1de1-4f18-9649-bf93b0640dca"
2022-05-16 * "880 806 () [53b8789a-4451-4a1f-84f7-a9c5da7ada1a]" "Bill Payment for Bill #77 #18bd1474-aa22-42eb-abdf-83462f73bec3"
  contact: "880 806 () [53b8789a-4451-4a1f-84f7-a9c5da7ada1a]"
  Liabilities:CurrentLiabilities:AccountPayable 3296 HKD
  type: "Bill Payment"
  sourceId: "18bd1474-aa22-42eb-abdf-83462f73bec3"
  referenceNo: "77"
  orderId: "f310e449-c52f-42ba-8556-d660568cf322"
  Liabilities:CurrentLiabilities:CurrentAccount:C-a-MilrichElectronicsHkCoLtd -3296 HKD
  type: "Bill Payment"
  sourceId: "18bd1474-aa22-42eb-abdf-83462f73bec3"
  referenceNo: "77"
  orderId: "f310e449-c52f-42ba-8556-d660568cf322"
2022-05-16 * "880 806 () [53b8789a-4451-4a1f-84f7-a9c5da7ada1a]" "Bill Payment for Bill #109 #9b7a0b4c-c0a3-4c29-b361-896a12f4d073"
  contact: "880 806 () [53b8789a-4451-4a1f-84f7-a9c5da7ada1a]"
  Liabilities:CurrentLiabilities:AccountPayable 19400 HKD
  type: "Bill Payment"
  sourceId: "9b7a0b4c-c0a3-4c29-b361-896a12f4d073"
  referenceNo: "109"
  orderId: "d37a2bdc-8fed-4a4a-9c23-3050c64bc137"
  Liabilities:CurrentLiabilities:CurrentAccount:C-a-MilrichElectronicsHkCoLtd -19400 HKD
  type: "Bill Payment"
  sourceId: "9b7a0b4c-c0a3-4c29-b361-896a12f4d073"
  referenceNo: "109"
  orderId: "d37a2bdc-8fed-4a4a-9c23-3050c64bc137"
2022-05-16 * "880 806 () [53b8789a-4451-4a1f-84f7-a9c5da7ada1a]" "Bill Payment for Bill #108 #ac32282b-fb5a-44f5-8aae-73866b99d624"
  contact: "880 806 () [53b8789a-4451-4a1f-84f7-a9c5da7ada1a]"
  Liabilities:CurrentLiabilities:AccountPayable 19400 HKD
  type: "Bill Payment"
  sourceId: "ac32282b-fb5a-44f5-8aae-73866b99d624"
  referenceNo: "108"
  orderId: "3065014f-ebbf-4e76-86aa-e1f6e6e82826"
  Liabilities:CurrentLiabilities:CurrentAccount:C-a-MilrichElectronicsHkCoLtd -19400 HKD
  type: "Bill Payment"
  sourceId: "ac32282b-fb5a-44f5-8aae-73866b99d624"
  referenceNo: "108"
  orderId: "3065014f-ebbf-4e76-86aa-e1f6e6e82826"
2022-05-16 * "880 806 () [53b8789a-4451-4a1f-84f7-a9c5da7ada1a]" "Bill Payment for Bill #108 #2f5bf1ff-b442-45df-8ff6-d7baba89d4bf"
  contact: "880 806 () [53b8789a-4451-4a1f-84f7-a9c5da7ada1a]"
  Liabilities:CurrentLiabilities:AccountPayable 1648 HKD
  type: "Bill Payment"
  sourceId: "2f5bf1ff-b442-45df-8ff6-d7baba89d4bf"
  referenceNo: "108"
  orderId: "3065014f-ebbf-4e76-86aa-e1f6e6e82826"
  Liabilities:CurrentLiabilities:CurrentAccount:C-a-MilrichElectronicsHkCoLtd -1648 HKD
  type: "Bill Payment"
  sourceId: "2f5bf1ff-b442-45df-8ff6-d7baba89d4bf"
  referenceNo: "108"
  orderId: "3065014f-ebbf-4e76-86aa-e1f6e6e82826"
2022-05-16 * "880 806 () [53b8789a-4451-4a1f-84f7-a9c5da7ada1a]" "Bill Payment for Bill #53 #3e882d82-5228-49c9-8bbd-d2c244804df4"
  contact: "880 806 () [53b8789a-4451-4a1f-84f7-a9c5da7ada1a]"
  Liabilities:CurrentLiabilities:AccountPayable 380 HKD
  type: "Bill Payment"
  sourceId: "3e882d82-5228-49c9-8bbd-d2c244804df4"
  referenceNo: "53"
  orderId: "5ef63a0e-1080-463f-98ef-e283c9aac6ac"
  Liabilities:CurrentLiabilities:CurrentAccount:C-a-MilrichElectronicsHkCoLtd -380 HKD
  type: "Bill Payment"
  sourceId: "3e882d82-5228-49c9-8bbd-d2c244804df4"
  referenceNo: "53"
  orderId: "5ef63a0e-1080-463f-98ef-e283c9aac6ac"
2022-05-16 * "880 806 () [53b8789a-4451-4a1f-84f7-a9c5da7ada1a]" "Bill Payment for Bill #69 #91a38bc9-eae5-4a38-8530-f530eb313181"
  contact: "880 806 () [53b8789a-4451-4a1f-84f7-a9c5da7ada1a]"
  Liabilities:CurrentLiabilities:AccountPayable 597 HKD
  type: "Bill Payment"
  sourceId: "91a38bc9-eae5-4a38-8530-f530eb313181"
  referenceNo: "69"
  orderId: "75710547-dc0e-4afe-ab7f-0c25c8322384"
  Liabilities:CurrentLiabilities:CurrentAccount:C-a-MilrichElectronicsHkCoLtd -597 HKD
  type: "Bill Payment"
  sourceId: "91a38bc9-eae5-4a38-8530-f530eb313181"
  referenceNo: "69"
  orderId: "75710547-dc0e-4afe-ab7f-0c25c8322384"
2022-05-16 * "880 806 () [53b8789a-4451-4a1f-84f7-a9c5da7ada1a]" "Bill Payment for Bill #75 #1bdb1ed4-8507-4ed1-a8f1-a1d6ca1d5274"
  contact: "880 806 () [53b8789a-4451-4a1f-84f7-a9c5da7ada1a]"
  Liabilities:CurrentLiabilities:AccountPayable 2000 HKD
  type: "Bill Payment"
  sourceId: "1bdb1ed4-8507-4ed1-a8f1-a1d6ca1d5274"
  referenceNo: "75"
  orderId: "271e70bb-928e-4e18-afad-0dc00f1c58ee"
  Liabilities:CurrentLiabilities:CurrentAccount:C-a-MilrichElectronicsHkCoLtd -2000 HKD
  type: "Bill Payment"
  sourceId: "1bdb1ed4-8507-4ed1-a8f1-a1d6ca1d5274"
  referenceNo: "75"
  orderId: "271e70bb-928e-4e18-afad-0dc00f1c58ee"
2022-05-16 * "880 806 () [53b8789a-4451-4a1f-84f7-a9c5da7ada1a]" "Bill Payment for Bill #105 #a4ab9bdb-2cbf-42fb-b9c5-8624762356f8"
  contact: "880 806 () [53b8789a-4451-4a1f-84f7-a9c5da7ada1a]"
  Liabilities:CurrentLiabilities:AccountPayable 1648 HKD
  type: "Bill Payment"
  sourceId: "a4ab9bdb-2cbf-42fb-b9c5-8624762356f8"
  referenceNo: "105"
  orderId: "9a9fbccb-03c8-4d7c-96b6-30a661220352"
  Liabilities:CurrentLiabilities:CurrentAccount:C-a-MilrichElectronicsHkCoLtd -1648 HKD
  type: "Bill Payment"
  sourceId: "a4ab9bdb-2cbf-42fb-b9c5-8624762356f8"
  referenceNo: "105"
  orderId: "9a9fbccb-03c8-4d7c-96b6-30a661220352"
2022-05-16 * "880 806 () [53b8789a-4451-4a1f-84f7-a9c5da7ada1a]" "Bill Payment for Bill #106 #54e13d4e-9436-4696-a4c8-78f0df8ef825"
  contact: "880 806 () [53b8789a-4451-4a1f-84f7-a9c5da7ada1a]"
  Liabilities:CurrentLiabilities:AccountPayable 19400 HKD
  type: "Bill Payment"
  sourceId: "54e13d4e-9436-4696-a4c8-78f0df8ef825"
  referenceNo: "106"
  orderId: "0e45a63c-c2d3-4d6d-bdae-6f174c748454"
  Liabilities:CurrentLiabilities:CurrentAccount:C-a-MilrichElectronicsHkCoLtd -19400 HKD
  type: "Bill Payment"
  sourceId: "54e13d4e-9436-4696-a4c8-78f0df8ef825"
  referenceNo: "106"
  orderId: "0e45a63c-c2d3-4d6d-bdae-6f174c748454"
2022-05-16 * "880 806 () [53b8789a-4451-4a1f-84f7-a9c5da7ada1a]" "Bill Payment for Bill #106 #134c9caa-7b43-40cf-984e-88f7359c5286"
  contact: "880 806 () [53b8789a-4451-4a1f-84f7-a9c5da7ada1a]"
  Liabilities:CurrentLiabilities:AccountPayable 1648 HKD
  type: "Bill Payment"
  sourceId: "134c9caa-7b43-40cf-984e-88f7359c5286"
  referenceNo: "106"
  orderId: "0e45a63c-c2d3-4d6d-bdae-6f174c748454"
  Liabilities:CurrentLiabilities:CurrentAccount:C-a-MilrichElectronicsHkCoLtd -1648 HKD
  type: "Bill Payment"
  sourceId: "134c9caa-7b43-40cf-984e-88f7359c5286"
  referenceNo: "106"
  orderId: "0e45a63c-c2d3-4d6d-bdae-6f174c748454"
2022-05-16 * "880 806 () [53b8789a-4451-4a1f-84f7-a9c5da7ada1a]" "Bill Payment for Bill #105 #d5002f63-b31e-456e-987d-000299fbe7cb"
  contact: "880 806 () [53b8789a-4451-4a1f-84f7-a9c5da7ada1a]"
  Liabilities:CurrentLiabilities:AccountPayable 19400 HKD
  type: "Bill Payment"
  sourceId: "d5002f63-b31e-456e-987d-000299fbe7cb"
  referenceNo: "105"
  orderId: "9a9fbccb-03c8-4d7c-96b6-30a661220352"
  Liabilities:CurrentLiabilities:CurrentAccount:C-a-MilrichElectronicsHkCoLtd -19400 HKD
  type: "Bill Payment"
  sourceId: "d5002f63-b31e-456e-987d-000299fbe7cb"
  referenceNo: "105"
  orderId: "9a9fbccb-03c8-4d7c-96b6-30a661220352"
2022-05-16 * "880 806 () [53b8789a-4451-4a1f-84f7-a9c5da7ada1a]" "Bill Payment for Bill #116 #75973770-4d12-4e23-b5b1-b0f9380525f2"
  contact: "880 806 () [53b8789a-4451-4a1f-84f7-a9c5da7ada1a]"
  Liabilities:CurrentLiabilities:AccountPayable 1648 HKD
  type: "Bill Payment"
  sourceId: "75973770-4d12-4e23-b5b1-b0f9380525f2"
  referenceNo: "116"
  orderId: "117583c2-f02d-4552-8c26-ba9ea6b59e39"
  Liabilities:CurrentLiabilities:CurrentAccount:C-a-MilrichElectronicsHkCoLtd -1648 HKD
  type: "Bill Payment"
  sourceId: "75973770-4d12-4e23-b5b1-b0f9380525f2"
  referenceNo: "116"
  orderId: "117583c2-f02d-4552-8c26-ba9ea6b59e39"
2022-05-16 * "880 806 () [53b8789a-4451-4a1f-84f7-a9c5da7ada1a]" "Bill Payment for Bill #113 #601d59ea-690a-492f-b528-0a32a36cb920"
  contact: "880 806 () [53b8789a-4451-4a1f-84f7-a9c5da7ada1a]"
  Liabilities:CurrentLiabilities:AccountPayable 380 HKD
  type: "Bill Payment"
  sourceId: "601d59ea-690a-492f-b528-0a32a36cb920"
  referenceNo: "113"
  orderId: "17b212a3-2986-41ad-ba11-95b01ae8a285"
  Liabilities:CurrentLiabilities:CurrentAccount:C-a-MilrichElectronicsHkCoLtd -380 HKD
  type: "Bill Payment"
  sourceId: "601d59ea-690a-492f-b528-0a32a36cb920"
  referenceNo: "113"
  orderId: "17b212a3-2986-41ad-ba11-95b01ae8a285"
2022-05-16 * "880 806 () [53b8789a-4451-4a1f-84f7-a9c5da7ada1a]" "Bill Payment for Bill #56 #ef887086-8b86-48b7-b2e0-a57dfe194540"
  contact: "880 806 () [53b8789a-4451-4a1f-84f7-a9c5da7ada1a]"
  Liabilities:CurrentLiabilities:AccountPayable 591 HKD
  type: "Bill Payment"
  sourceId: "ef887086-8b86-48b7-b2e0-a57dfe194540"
  referenceNo: "56"
  orderId: "806ccf97-dc0f-4204-9be1-18ad0e92812e"
  Liabilities:CurrentLiabilities:CurrentAccount:C-a-MilrichElectronicsHkCoLtd -591 HKD
  type: "Bill Payment"
  sourceId: "ef887086-8b86-48b7-b2e0-a57dfe194540"
  referenceNo: "56"
  orderId: "806ccf97-dc0f-4204-9be1-18ad0e92812e"
2022-05-16 * "880 806 () [53b8789a-4451-4a1f-84f7-a9c5da7ada1a]" "Bill Payment for Bill #61 #d544e0fe-3738-43f0-afd7-c8d2c6351f83"
  contact: "880 806 () [53b8789a-4451-4a1f-84f7-a9c5da7ada1a]"
  Liabilities:CurrentLiabilities:AccountPayable 1664 HKD
  type: "Bill Payment"
  sourceId: "d544e0fe-3738-43f0-afd7-c8d2c6351f83"
  referenceNo: "61"
  orderId: "3b79a179-0009-46be-808f-5fa2514853f5"
  Liabilities:CurrentLiabilities:CurrentAccount:C-a-MilrichElectronicsHkCoLtd -1664 HKD
  type: "Bill Payment"
  sourceId: "d544e0fe-3738-43f0-afd7-c8d2c6351f83"
  referenceNo: "61"
  orderId: "3b79a179-0009-46be-808f-5fa2514853f5"
2022-05-16 * "880 806 () [53b8789a-4451-4a1f-84f7-a9c5da7ada1a]" "Bill Payment for Bill #60 #7adb4688-f72d-4413-8dec-4c7469dbce48"
  contact: "880 806 () [53b8789a-4451-4a1f-84f7-a9c5da7ada1a]"
  Liabilities:CurrentLiabilities:AccountPayable 299 HKD
  type: "Bill Payment"
  sourceId: "7adb4688-f72d-4413-8dec-4c7469dbce48"
  referenceNo: "60"
  orderId: "015bd00a-37ec-459f-b6ab-3f392d9022e7"
  Liabilities:CurrentLiabilities:CurrentAccount:C-a-MilrichElectronicsHkCoLtd -299 HKD
  type: "Bill Payment"
  sourceId: "7adb4688-f72d-4413-8dec-4c7469dbce48"
  referenceNo: "60"
  orderId: "015bd00a-37ec-459f-b6ab-3f392d9022e7"
2022-05-16 * "880 806 () [53b8789a-4451-4a1f-84f7-a9c5da7ada1a]" "Bill Payment for Bill #73 #bce74841-34b4-4d48-bf3a-670dd0bf3a25"
  contact: "880 806 () [53b8789a-4451-4a1f-84f7-a9c5da7ada1a]"
  Liabilities:CurrentLiabilities:AccountPayable 456 HKD
  type: "Bill Payment"
  sourceId: "bce74841-34b4-4d48-bf3a-670dd0bf3a25"
  referenceNo: "73"
  orderId: "47265c51-f889-4ba2-8249-4da8ab5260b6"
  Liabilities:CurrentLiabilities:CurrentAccount:C-a-MilrichElectronicsHkCoLtd -456 HKD
  type: "Bill Payment"
  sourceId: "bce74841-34b4-4d48-bf3a-670dd0bf3a25"
  referenceNo: "73"
  orderId: "47265c51-f889-4ba2-8249-4da8ab5260b6"
2022-05-16 * "880 806 () [53b8789a-4451-4a1f-84f7-a9c5da7ada1a]" "Bill Payment for Bill #58 #ecf66a64-0c24-4f9d-a185-c6d6b5520926"
  contact: "880 806 () [53b8789a-4451-4a1f-84f7-a9c5da7ada1a]"
  Liabilities:CurrentLiabilities:AccountPayable 795 HKD
  type: "Bill Payment"
  sourceId: "ecf66a64-0c24-4f9d-a185-c6d6b5520926"
  referenceNo: "58"
  orderId: "c1d0b4fd-fe30-49dd-96f4-f1a54970d75b"
  Liabilities:CurrentLiabilities:CurrentAccount:C-a-MilrichElectronicsHkCoLtd -795 HKD
  type: "Bill Payment"
  sourceId: "ecf66a64-0c24-4f9d-a185-c6d6b5520926"
  referenceNo: "58"
  orderId: "c1d0b4fd-fe30-49dd-96f4-f1a54970d75b"
2022-05-16 * "880 806 () [53b8789a-4451-4a1f-84f7-a9c5da7ada1a]" "Bill Payment for Bill #122 #a22f16e4-3e99-479f-888c-f95622554604"
  contact: "880 806 () [53b8789a-4451-4a1f-84f7-a9c5da7ada1a]"
  Liabilities:CurrentLiabilities:AccountPayable 1648 HKD
  type: "Bill Payment"
  sourceId: "a22f16e4-3e99-479f-888c-f95622554604"
  referenceNo: "122"
  orderId: "0b63bd83-0dcd-4894-b6fd-df655716d5d0"
  Liabilities:CurrentLiabilities:CurrentAccount:C-a-MilrichElectronicsHkCoLtd -1648 HKD
  type: "Bill Payment"
  sourceId: "a22f16e4-3e99-479f-888c-f95622554604"
  referenceNo: "122"
  orderId: "0b63bd83-0dcd-4894-b6fd-df655716d5d0"
2022-05-16 * "880 806 () [53b8789a-4451-4a1f-84f7-a9c5da7ada1a]" "Bill Payment for Bill #118 #2f8b65e7-809d-44ce-bcd5-e0b7da621b5e"
  contact: "880 806 () [53b8789a-4451-4a1f-84f7-a9c5da7ada1a]"
  Liabilities:CurrentLiabilities:AccountPayable 19400 HKD
  type: "Bill Payment"
  sourceId: "2f8b65e7-809d-44ce-bcd5-e0b7da621b5e"
  referenceNo: "118"
  orderId: "a8eaeb1b-2f46-4bcd-bdac-8b8a582f8238"
  Liabilities:CurrentLiabilities:CurrentAccount:C-a-MilrichElectronicsHkCoLtd -19400 HKD
  type: "Bill Payment"
  sourceId: "2f8b65e7-809d-44ce-bcd5-e0b7da621b5e"
  referenceNo: "118"
  orderId: "a8eaeb1b-2f46-4bcd-bdac-8b8a582f8238"
2022-05-16 * "880 806 () [53b8789a-4451-4a1f-84f7-a9c5da7ada1a]" "Bill Payment for Bill #118 #1969731b-5938-4a09-9952-efd0ba62b6ad"
  contact: "880 806 () [53b8789a-4451-4a1f-84f7-a9c5da7ada1a]"
  Liabilities:CurrentLiabilities:AccountPayable 1648 HKD
  type: "Bill Payment"
  sourceId: "1969731b-5938-4a09-9952-efd0ba62b6ad"
  referenceNo: "118"
  orderId: "a8eaeb1b-2f46-4bcd-bdac-8b8a582f8238"
  Liabilities:CurrentLiabilities:CurrentAccount:C-a-MilrichElectronicsHkCoLtd -1648 HKD
  type: "Bill Payment"
  sourceId: "1969731b-5938-4a09-9952-efd0ba62b6ad"
  referenceNo: "118"
  orderId: "a8eaeb1b-2f46-4bcd-bdac-8b8a582f8238"
2022-05-16 * "880 806 () [53b8789a-4451-4a1f-84f7-a9c5da7ada1a]" "Bill Payment for Bill #121 #fd53d911-9e1a-4c75-9b8e-85be654bbf5a"
  contact: "880 806 () [53b8789a-4451-4a1f-84f7-a9c5da7ada1a]"
  Liabilities:CurrentLiabilities:AccountPayable 321 HKD
  type: "Bill Payment"
  sourceId: "fd53d911-9e1a-4c75-9b8e-85be654bbf5a"
  referenceNo: "121"
  orderId: "84e70c4f-77f9-44f7-9c88-061b2b75bfba"
  Liabilities:CurrentLiabilities:CurrentAccount:C-a-MilrichElectronicsHkCoLtd -321 HKD
  type: "Bill Payment"
  sourceId: "fd53d911-9e1a-4c75-9b8e-85be654bbf5a"
  referenceNo: "121"
  orderId: "84e70c4f-77f9-44f7-9c88-061b2b75bfba"
2022-05-16 * "880 806 () [53b8789a-4451-4a1f-84f7-a9c5da7ada1a]" "Bill Payment for Bill #72 #6a16d196-9887-4810-a1eb-cced95dec608"
  contact: "880 806 () [53b8789a-4451-4a1f-84f7-a9c5da7ada1a]"
  Liabilities:CurrentLiabilities:AccountPayable 1648 HKD
  type: "Bill Payment"
  sourceId: "6a16d196-9887-4810-a1eb-cced95dec608"
  referenceNo: "72"
  orderId: "8ca7ee83-9c5b-4991-95fb-352e3b9ad63f"
  Liabilities:CurrentLiabilities:CurrentAccount:C-a-MilrichElectronicsHkCoLtd -1648 HKD
  type: "Bill Payment"
  sourceId: "6a16d196-9887-4810-a1eb-cced95dec608"
  referenceNo: "72"
  orderId: "8ca7ee83-9c5b-4991-95fb-352e3b9ad63f"
2022-05-16 * "880 806 () [53b8789a-4451-4a1f-84f7-a9c5da7ada1a]" "Bill Payment for Bill #9 #0cdf8876-3f19-4e1a-8c0d-02465c4946eb"
  contact: "880 806 () [53b8789a-4451-4a1f-84f7-a9c5da7ada1a]"
  Liabilities:CurrentLiabilities:AccountPayable 760 HKD
  type: "Bill Payment"
  sourceId: "0cdf8876-3f19-4e1a-8c0d-02465c4946eb"
  referenceNo: "9"
  orderId: "e9a30dbc-59c5-43bc-838c-5f81ce1b79b3"
  Liabilities:CurrentLiabilities:CurrentAccount:C-a-MilrichElectronicsHkCoLtd -760 HKD
  type: "Bill Payment"
  sourceId: "0cdf8876-3f19-4e1a-8c0d-02465c4946eb"
  referenceNo: "9"
  orderId: "e9a30dbc-59c5-43bc-838c-5f81ce1b79b3"
2022-05-16 * "880 806 () [53b8789a-4451-4a1f-84f7-a9c5da7ada1a]" "Bill Payment for Bill #32 #f2701618-8b78-4947-87e9-0cbf970d21b7"
  contact: "880 806 () [53b8789a-4451-4a1f-84f7-a9c5da7ada1a]"
  Liabilities:CurrentLiabilities:AccountPayable 19400 HKD
  type: "Bill Payment"
  sourceId: "f2701618-8b78-4947-87e9-0cbf970d21b7"
  referenceNo: "32"
  orderId: "0d58a82b-9ae1-46c1-8bd0-02d5070cf45f"
  Liabilities:CurrentLiabilities:CurrentAccount:C-a-MilrichElectronicsHkCoLtd -19400 HKD
  type: "Bill Payment"
  sourceId: "f2701618-8b78-4947-87e9-0cbf970d21b7"
  referenceNo: "32"
  orderId: "0d58a82b-9ae1-46c1-8bd0-02d5070cf45f"
2022-05-16 * "880 806 () [53b8789a-4451-4a1f-84f7-a9c5da7ada1a]" "Bill Payment for Bill #87 #2a0d1810-71e2-4473-be76-9e16be8891a1"
  contact: "880 806 () [53b8789a-4451-4a1f-84f7-a9c5da7ada1a]"
  Liabilities:CurrentLiabilities:AccountPayable 380 HKD
  type: "Bill Payment"
  sourceId: "2a0d1810-71e2-4473-be76-9e16be8891a1"
  referenceNo: "87"
  orderId: "6e9863c0-40a0-47ee-9f62-b443d481d26b"
  Liabilities:CurrentLiabilities:CurrentAccount:C-a-MilrichElectronicsHkCoLtd -380 HKD
  type: "Bill Payment"
  sourceId: "2a0d1810-71e2-4473-be76-9e16be8891a1"
  referenceNo: "87"
  orderId: "6e9863c0-40a0-47ee-9f62-b443d481d26b"
2022-05-16 * "880 806 () [53b8789a-4451-4a1f-84f7-a9c5da7ada1a]" "Bill Payment for Bill #114 #aa24bce9-22c6-4cf0-bc3a-da183b6df0e1"
  contact: "880 806 () [53b8789a-4451-4a1f-84f7-a9c5da7ada1a]"
  Liabilities:CurrentLiabilities:AccountPayable 380 HKD
  type: "Bill Payment"
  sourceId: "aa24bce9-22c6-4cf0-bc3a-da183b6df0e1"
  referenceNo: "114"
  orderId: "2d19c672-8b2b-43bb-ab49-31247b5863d4"
  Liabilities:CurrentLiabilities:CurrentAccount:C-a-MilrichElectronicsHkCoLtd -380 HKD
  type: "Bill Payment"
  sourceId: "aa24bce9-22c6-4cf0-bc3a-da183b6df0e1"
  referenceNo: "114"
  orderId: "2d19c672-8b2b-43bb-ab49-31247b5863d4"
2022-05-16 * "880 806 () [53b8789a-4451-4a1f-84f7-a9c5da7ada1a]" "Bill Payment for Bill #107 #9e485839-0d1d-4bd3-b670-0f59d8422aa5"
  contact: "880 806 () [53b8789a-4451-4a1f-84f7-a9c5da7ada1a]"
  Liabilities:CurrentLiabilities:AccountPayable 19400 HKD
  type: "Bill Payment"
  sourceId: "9e485839-0d1d-4bd3-b670-0f59d8422aa5"
  referenceNo: "107"
  orderId: "2eec981a-f700-4742-a9e7-580052096689"
  Liabilities:CurrentLiabilities:CurrentAccount:C-a-MilrichElectronicsHkCoLtd -19400 HKD
  type: "Bill Payment"
  sourceId: "9e485839-0d1d-4bd3-b670-0f59d8422aa5"
  referenceNo: "107"
  orderId: "2eec981a-f700-4742-a9e7-580052096689"
2022-05-16 * "880 806 () [53b8789a-4451-4a1f-84f7-a9c5da7ada1a]" "Bill Payment for Bill #120 #e2ebf11f-0ed8-44e3-ac30-937255913c23"
  contact: "880 806 () [53b8789a-4451-4a1f-84f7-a9c5da7ada1a]"
  Liabilities:CurrentLiabilities:AccountPayable 782 HKD
  type: "Bill Payment"
  sourceId: "e2ebf11f-0ed8-44e3-ac30-937255913c23"
  referenceNo: "120"
  orderId: "8d3989f4-414d-4f17-b0e2-b6d7d29b47f1"
  Liabilities:CurrentLiabilities:CurrentAccount:C-a-MilrichElectronicsHkCoLtd -782 HKD
  type: "Bill Payment"
  sourceId: "e2ebf11f-0ed8-44e3-ac30-937255913c23"
  referenceNo: "120"
  orderId: "8d3989f4-414d-4f17-b0e2-b6d7d29b47f1"
2022-05-16 * "880 806 () [53b8789a-4451-4a1f-84f7-a9c5da7ada1a]" "Bill Payment for Bill #119 #9c9077fc-0e3e-4810-ae69-5edf9904fb66"
  contact: "880 806 () [53b8789a-4451-4a1f-84f7-a9c5da7ada1a]"
  Liabilities:CurrentLiabilities:AccountPayable 1648 HKD
  type: "Bill Payment"
  sourceId: "9c9077fc-0e3e-4810-ae69-5edf9904fb66"
  referenceNo: "119"
  orderId: "36c5531e-a457-4434-986d-3059f491ff6c"
  Liabilities:CurrentLiabilities:CurrentAccount:C-a-MilrichElectronicsHkCoLtd -1648 HKD
  type: "Bill Payment"
  sourceId: "9c9077fc-0e3e-4810-ae69-5edf9904fb66"
  referenceNo: "119"
  orderId: "36c5531e-a457-4434-986d-3059f491ff6c"
2022-05-16 * "880 806 () [53b8789a-4451-4a1f-84f7-a9c5da7ada1a]" "Bill Payment for Bill #124 #f485c96b-a4f6-4da9-81be-03d52411e377"
  contact: "880 806 () [53b8789a-4451-4a1f-84f7-a9c5da7ada1a]"
  Liabilities:CurrentLiabilities:AccountPayable 1648 HKD
  type: "Bill Payment"
  sourceId: "f485c96b-a4f6-4da9-81be-03d52411e377"
  referenceNo: "124"
  orderId: "1bb5f5ae-28f2-4f2c-9b11-3104dd2c7dcb"
  Liabilities:CurrentLiabilities:CurrentAccount:C-a-MilrichElectronicsHkCoLtd -1648 HKD
  type: "Bill Payment"
  sourceId: "f485c96b-a4f6-4da9-81be-03d52411e377"
  referenceNo: "124"
  orderId: "1bb5f5ae-28f2-4f2c-9b11-3104dd2c7dcb"
2022-05-16 * "880 806 () [53b8789a-4451-4a1f-84f7-a9c5da7ada1a]" "Bill Payment for Bill #124 #d324a623-629b-458e-a9b3-aa37356facd4"
  contact: "880 806 () [53b8789a-4451-4a1f-84f7-a9c5da7ada1a]"
  Liabilities:CurrentLiabilities:AccountPayable 19400 HKD
  type: "Bill Payment"
  sourceId: "d324a623-629b-458e-a9b3-aa37356facd4"
  referenceNo: "124"
  orderId: "1bb5f5ae-28f2-4f2c-9b11-3104dd2c7dcb"
  Liabilities:CurrentLiabilities:CurrentAccount:C-a-MilrichElectronicsHkCoLtd -19400 HKD
  type: "Bill Payment"
  sourceId: "d324a623-629b-458e-a9b3-aa37356facd4"
  referenceNo: "124"
  orderId: "1bb5f5ae-28f2-4f2c-9b11-3104dd2c7dcb"
2022-05-16 * "880 806 () [53b8789a-4451-4a1f-84f7-a9c5da7ada1a]" "Bill Payment for Bill #42 #777e57cc-e5ec-476c-a41f-c2f6f1dc98ba"
  contact: "880 806 () [53b8789a-4451-4a1f-84f7-a9c5da7ada1a]"
  Liabilities:CurrentLiabilities:AccountPayable 380 HKD
  type: "Bill Payment"
  sourceId: "777e57cc-e5ec-476c-a41f-c2f6f1dc98ba"
  referenceNo: "42"
  orderId: "bfb46f21-9995-4b1a-9e80-e15412cedf17"
  Liabilities:CurrentLiabilities:CurrentAccount:C-a-MilrichElectronicsHkCoLtd -380 HKD
  type: "Bill Payment"
  sourceId: "777e57cc-e5ec-476c-a41f-c2f6f1dc98ba"
  referenceNo: "42"
  orderId: "bfb46f21-9995-4b1a-9e80-e15412cedf17"
2022-05-16 * "880 806 () [53b8789a-4451-4a1f-84f7-a9c5da7ada1a]" "Bill Payment for Bill #55 #40bb8fa2-2109-4f5e-980e-b398c7e6e7d3"
  contact: "880 806 () [53b8789a-4451-4a1f-84f7-a9c5da7ada1a]"
  Liabilities:CurrentLiabilities:AccountPayable 13632.5 HKD
  type: "Bill Payment"
  sourceId: "40bb8fa2-2109-4f5e-980e-b398c7e6e7d3"
  referenceNo: "55"
  orderId: "4f30980a-a9af-4839-bf60-a08399f0e8dc"
  Liabilities:CurrentLiabilities:CurrentAccount:C-a-MilrichElectronicsHkCoLtd -13632.5 HKD
  type: "Bill Payment"
  sourceId: "40bb8fa2-2109-4f5e-980e-b398c7e6e7d3"
  referenceNo: "55"
  orderId: "4f30980a-a9af-4839-bf60-a08399f0e8dc"
2022-05-18 * "Invoice #100 INV-0053"
  Income:Sales:SalesItem:Sell18kJewelry -33000 HKD
  category: "Ring Setting"
  sku: "DDFFFFFF0B00000000000103"
  qty: 1
  referenceNo: "100"
  orderId: "ad7eb1cd-9efb-429a-a36e-21c9350d44eb"
  type: "Invoice Item"
  sourceId: "a9f10c1a-e49a-4b82-91d3-243726883d97"
  Income:Sales:SalesItem:SellDiamond -0 HKD
  category: "Natural Diamond"
  sku: "DDFFFFFF0800001166933730"
  qty: 1
  referenceNo: "100"
  orderId: "ad7eb1cd-9efb-429a-a36e-21c9350d44eb"
  type: "Invoice Item"
  sourceId: "c314e8f1-6db6-4791-8327-3f475c3d0e00"
  Assets:CurrentAssets:AccountReceivable
  referenceNo: "100"
  orderId: "ad7eb1cd-9efb-429a-a36e-21c9350d44eb"
  type: "Invoice"
  sourceId: "ad7eb1cd-9efb-429a-a36e-21c9350d44eb"
  contact: "852 91770478 (PAK HIN) [abe5d330-79a1-45d1-a0a8-75654c66bce3]"
2022-05-18 * "Bill #128 EX00070"
  referenceNo: "128"
  orderId: "34102b13-102c-46aa-8e7b-0de1f1caca13"
  type: "Bill"
  Expenses:ElectricityLightHeating 733 HKD
  qty: "1"
  description: "323電費(2022-5月)"
  referenceNo: "128"
  orderId: "34102b13-102c-46aa-8e7b-0de1f1caca13"
  type: "Bill Item"
  sourceId: "54cc503b-8006-4d24-b515-1762eeb7b9fd"
  Liabilities:CurrentLiabilities:AccountPayable
  referenceNo: "128"
  orderId: "34102b13-102c-46aa-8e7b-0de1f1caca13"
  type: "Bill"
  sourceId: "34102b13-102c-46aa-8e7b-0de1f1caca13"
  contact: "880 806 () [53b8789a-4451-4a1f-84f7-a9c5da7ada1a]"
2022-05-18 * "Liabilities:CurrentLiabilities:CurrentAccount:C-a-ElmaJewelryLtd" "Invoice Payment for Invoice #100 #490706b4-2fb3-412e-bf18-ca3a973cd3c0"
  Liabilities:CurrentLiabilities:CurrentAccount:C-a-ElmaJewelryLtd 33000 HKD
  type: "Invoice Payment"
  sourceId: "490706b4-2fb3-412e-bf18-ca3a973cd3c0"
  referenceNo: "100"
  orderId: "ad7eb1cd-9efb-429a-a36e-21c9350d44eb"
  Assets:CurrentAssets:AccountReceivable -33000 HKD
  type: "Invoice Payment"
  sourceId: "490706b4-2fb3-412e-bf18-ca3a973cd3c0"
  referenceNo: "100"
  orderId: "ad7eb1cd-9efb-429a-a36e-21c9350d44eb"
  contact: "852 91770478 (PAK HIN) [abe5d330-79a1-45d1-a0a8-75654c66bce3]"
2022-05-18 * "880 806 () [53b8789a-4451-4a1f-84f7-a9c5da7ada1a]" "Bill Payment for Bill #128 #40e063c8-a944-45dc-af35-7c12ebb38847"
  contact: "880 806 () [53b8789a-4451-4a1f-84f7-a9c5da7ada1a]"
  Liabilities:CurrentLiabilities:AccountPayable 733 HKD
  type: "Bill Payment"
  sourceId: "40e063c8-a944-45dc-af35-7c12ebb38847"
  referenceNo: "128"
  orderId: "34102b13-102c-46aa-8e7b-0de1f1caca13"
  Liabilities:CurrentLiabilities:CurrentAccount:C-a-MilrichElectronicsHkCoLtd -733 HKD
  type: "Bill Payment"
  sourceId: "40e063c8-a944-45dc-af35-7c12ebb38847"
  referenceNo: "128"
  orderId: "34102b13-102c-46aa-8e7b-0de1f1caca13"
2022-05-19 * "Invoice #95 (TO CXL) ✱ 交gia石和介托鑲貨 S0059 6422650276 (GIA SOLD INV#233)"
  Income:Sales:SalesItem:Sell-ForProcess交外廠加工 -0 HKD
  description: "#6422650276 1.03CT H SI2 EX EX EX N (SOLD @ INV#233) (INV#233 已扣數)"
  qty: 0
  referenceNo: "95"
  orderId: "5746958c-b75e-42d3-a88a-09fe7bf7167a"
  type: "Invoice Item"
  sourceId: "17ab6ab2-0708-460a-8534-9d0808ff8f1d"
  Income:Sales:SalesItem:Sell-ForProcess交外廠加工 -0 HKD
  description: "S0059 DDFFFFFF0B00000000000091 out to ronit to Ring seting 6422650276"
  qty: 0
  referenceNo: "95"
  orderId: "5746958c-b75e-42d3-a88a-09fe7bf7167a"
  type: "Invoice Item"
  sourceId: "1bcf1902-5e1f-4424-92a3-8df161781d78"
  Assets:CurrentAssets:AccountReceivable
  referenceNo: "95"
  orderId: "5746958c-b75e-42d3-a88a-09fe7bf7167a"
  type: "Invoice"
  sourceId: "5746958c-b75e-42d3-a88a-09fe7bf7167a"
  contact: "998 12345767 (SkyHigh Holdings Group Ltd) [efdca012-5d6e-4361-8ec7-f5566615d58a]"
2022-05-19 * "Bill #2 無 SI - GIA PURCHASE 2426722816"
  referenceNo: "2"
  orderId: "1011a30d-7524-4022-b2c9-fe8bb66252a7"
  type: "Bill"
  Expenses:CostOfSales:Purchase:PurchaseItem:BuyDiamond 54690 HKD
  category: "Natural Diamond"
  sku: "DDFFFFFF0800002426722816"
  qty: 1
  referenceNo: "2"
  orderId: "1011a30d-7524-4022-b2c9-fe8bb66252a7"
  type: "Bill Item"
  sourceId: "a0fbb548-747e-40fe-af0c-84e5e2d8ade1"
  Liabilities:CurrentLiabilities:AccountPayable
  referenceNo: "2"
  orderId: "1011a30d-7524-4022-b2c9-fe8bb66252a7"
  type: "Bill"
  sourceId: "1011a30d-7524-4022-b2c9-fe8bb66252a7"
  contact: "998 12345767 (SkyHigh Holdings Group Ltd) [efdca012-5d6e-4361-8ec7-f5566615d58a]"
2022-05-19 * "Liabilities:CurrentLiabilities:CurrentAccount:C-a-ElmaJewelryLtd" "Invoice Payment for Invoice #201 #01244194-38ea-42e4-bebc-2bf32b00cbb6"
  Liabilities:CurrentLiabilities:CurrentAccount:C-a-ElmaJewelryLtd 39500 HKD
  type: "Invoice Payment"
  sourceId: "01244194-38ea-42e4-bebc-2bf32b00cbb6"
  referenceNo: "201"
  orderId: "ead72374-2fc6-469b-a82c-bfefa6b823ac"
  Assets:CurrentAssets:AccountReceivable -39500 HKD
  type: "Invoice Payment"
  sourceId: "01244194-38ea-42e4-bebc-2bf32b00cbb6"
  referenceNo: "201"
  orderId: "ead72374-2fc6-469b-a82c-bfefa6b823ac"
  contact: "852 68999309 (852 68999309) [5c943df0-a3b2-4f23-9079-2e343183afe6]"
2022-05-19 * "Liabilities:CurrentLiabilities:CurrentAccount:C-a-ElmaJewelryLtd" "Invoice Payment for Invoice #201 #3f1a28c5-be51-4be4-99a5-77b7986bb214"
  Liabilities:CurrentLiabilities:CurrentAccount:C-a-ElmaJewelryLtd 8500 HKD
  type: "Invoice Payment"
  sourceId: "3f1a28c5-be51-4be4-99a5-77b7986bb214"
  referenceNo: "201"
  orderId: "ead72374-2fc6-469b-a82c-bfefa6b823ac"
  Assets:CurrentAssets:AccountReceivable -8500 HKD
  type: "Invoice Payment"
  sourceId: "3f1a28c5-be51-4be4-99a5-77b7986bb214"
  referenceNo: "201"
  orderId: "ead72374-2fc6-469b-a82c-bfefa6b823ac"
  contact: "852 68999309 (852 68999309) [5c943df0-a3b2-4f23-9079-2e343183afe6]"
2022-05-20 * "Invoice #463 (TO CXL) *GIA#6422650276 消數, 交 SH 鑲介指 RS0059 (INV#233 SOLD)"
  Income:Sales:SalesItem:Sell-ForProcess交外廠加工 -0 HKD
  description: "#6422650276 1.03Ct H SI2 EX EX EX None (消數)"
  qty: 0
  referenceNo: "463"
  orderId: "a66e6ea0-a28f-48fa-95f3-3fec7b72ca56"
  type: "Invoice Item"
  sourceId: "6ea6cdd8-0b77-4436-b893-9ab3375f9601"
  Assets:CurrentAssets:AccountReceivable
  referenceNo: "463"
  orderId: "a66e6ea0-a28f-48fa-95f3-3fec7b72ca56"
  type: "Invoice"
  sourceId: "a66e6ea0-a28f-48fa-95f3-3fec7b72ca56"
  contact: "998 12345767 (SkyHigh Holdings Group Ltd) [efdca012-5d6e-4361-8ec7-f5566615d58a]"
2022-05-20 * "Bill #645 SI-10241 #53"
  referenceNo: "645"
  orderId: "e3af1da2-562a-4329-a319-a3e986db2677"
  type: "Bill"
  Assets:CurrentAssets:ShopInventory:Jewelry -2298 HKD
  category: "Ring Setting"
  sku: "DDFFFFFF0B00000000000091"
  qty: -1
  referenceNo: "645"
  orderId: "e3af1da2-562a-4329-a319-a3e986db2677"
  type: "Bill Item"
  sourceId: "b44e29e7-bd17-4f21-8227-912b90bd8305"
  Expenses:CostOfSales:Purchase:PurchaseItem:Buy18kJewelry 2729 HKD
  category: "Ring Setting"
  sku: "DDFFFFFF0B00000000000080"
  qty: 1
  referenceNo: "645"
  orderId: "e3af1da2-562a-4329-a319-a3e986db2677"
  type: "Bill Item"
  sourceId: "807d540c-23db-4276-bc20-ea880bc9d513"
  Assets:CurrentAssets:ShopInventory:Jewelry 44930 HKD
  category: "Jewelry"
  sku: "DDFFFFFF0500000000000054"
  qty: 1
  referenceNo: "645"
  orderId: "e3af1da2-562a-4329-a319-a3e986db2677"
  type: "Bill Item"
  sourceId: "dbe6e18b-4c1c-4cbb-b156-5b8220c5596f"
  Assets:CurrentAssets:ShopInventory:Jewelry 38724 HKD
  category: "Jewelry"
  sku: "DDFFFFFF0500000000000055"
  qty: 1
  referenceNo: "645"
  orderId: "e3af1da2-562a-4329-a319-a3e986db2677"
  type: "Bill Item"
  sourceId: "16bec065-f27d-49f8-8871-9e2b051c5dbd"
  Assets:CurrentAssets:ShopInventory:NaturalDiamond -36126 HKD
  category: "Natural Diamond"
  sku: "DDFFFFFF0800006422650276"
  qty: -1
  referenceNo: "645"
  orderId: "e3af1da2-562a-4329-a319-a3e986db2677"
  type: "Bill Item"
  sourceId: "bf3d9e2a-fc30-4958-a16f-1231c13d0874"
  Expenses:CostOfSales:Purchase:PurchaseItem:BuyCost-ProcessingFee 250 HKD
  category: "Other"
  sku: "Processing 078"
  qty: 1
  referenceNo: "645"
  orderId: "e3af1da2-562a-4329-a319-a3e986db2677"
  type: "Bill Item"
  sourceId: "1df82ac9-84d4-411a-a27d-8ff5c8d3fe37"
  Expenses:CostOfSales:Purchase:PurchaseItem:BuyCost-ProcessingFee 300 HKD
  category: "Other"
  sku: "Processing 004"
  qty: 1
  referenceNo: "645"
  orderId: "e3af1da2-562a-4329-a319-a3e986db2677"
  type: "Bill Item"
  sourceId: "67a3493c-e112-49b7-bd75-e7e797db092d"
  Assets:CurrentAssets:ShopInventory:Jewelry -300 HKD
  category: "Other"
  sku: "Processing 079"
  qty: -1
  referenceNo: "645"
  orderId: "e3af1da2-562a-4329-a319-a3e986db2677"
  type: "Bill Item"
  sourceId: "354f3d49-a24e-4557-9ed1-5e7168c88641"
  Assets:CurrentAssets:ShopInventory:NaturalDiamond -43000 HKD
  category: "Natural Diamond"
  sku: "DDFFFFFF0800002426688807"
  qty: -1
  referenceNo: "645"
  orderId: "e3af1da2-562a-4329-a319-a3e986db2677"
  type: "Bill Item"
  sourceId: "80fffb4f-bd5b-4512-ba05-e4c3597245af"
  Assets:CurrentAssets:ShopInventory:Jewelry -1630 HKD
  category: "Ring Setting"
  sku: "DDFFFFFF0B00000000000026"
  qty: -1
  referenceNo: "645"
  orderId: "e3af1da2-562a-4329-a319-a3e986db2677"
  type: "Bill Item"
  sourceId: "3a0cc95c-bc2b-429e-a0a4-75944804726c"
  Expenses:CostOfSales:Purchase:PurchaseItem:BuyCost-ProcessingFee 300 HKD
  category: "Other"
  sku: "Processing 079"
  qty: 1
  referenceNo: "645"
  orderId: "e3af1da2-562a-4329-a319-a3e986db2677"
  type: "Bill Item"
  sourceId: "508157ce-aa0e-4a9f-b5f7-fc338eadc9c3"
  Assets:CurrentAssets:ShopInventory:Jewelry -300 HKD
  category: "Other"
  sku: "Processing 004"
  qty: -1
  referenceNo: "645"
  orderId: "e3af1da2-562a-4329-a319-a3e986db2677"
  type: "Bill Item"
  sourceId: "48a2e4fc-267b-4245-9fe8-bba9c164afd8"
  Assets:CurrentAssets:ShopInventory:Jewelry -250 HKD
  category: "Other"
  sku: "Processing 078"
  qty: -1
  referenceNo: "645"
  orderId: "e3af1da2-562a-4329-a319-a3e986db2677"
  type: "Bill Item"
  sourceId: "f403c620-c8b1-492d-808c-de8d98fda7b5"
  Assets:CurrentAssets:ShopInventory:Jewelry -2959 HKD
  category: "Ring Setting"
  sku: "DDFFFFFF0B00000000000103"
  qty: -1
  referenceNo: "645"
  orderId: "e3af1da2-562a-4329-a319-a3e986db2677"
  type: "Bill Item"
  sourceId: "1dd09ec4-02a2-435c-94f0-aa8652ecb768"
  Assets:CurrentAssets:ShopInventory:Jewelry 3209 HKD
  category: "Ring Setting"
  sku: "DDFFFFFF0B00000000000103"
  qty: 1
  referenceNo: "645"
  orderId: "e3af1da2-562a-4329-a319-a3e986db2677"
  type: "Bill Item"
  sourceId: "ab4d6f05-b1dd-493b-a2fb-fb549942fe3c"
  Liabilities:CurrentLiabilities:AccountPayable
  referenceNo: "645"
  orderId: "e3af1da2-562a-4329-a319-a3e986db2677"
  type: "Bill"
  sourceId: "e3af1da2-562a-4329-a319-a3e986db2677"
  contact: "998 12345767 (SkyHigh Holdings Group Ltd) [efdca012-5d6e-4361-8ec7-f5566615d58a]"
2022-05-20 * "Liabilities:CurrentLiabilities:CurrentAccount:C-a-ElmaJewelryLtd" "Invoice Payment for Invoice #68 #189b4bad-60af-4c9a-9291-b05820787a18"
  Liabilities:CurrentLiabilities:CurrentAccount:C-a-ElmaJewelryLtd 15260 HKD
  type: "Invoice Payment"
  sourceId: "189b4bad-60af-4c9a-9291-b05820787a18"
  referenceNo: "68"
  orderId: "05f8e271-8af7-44a8-940e-e44501d9a7dd"
  Assets:CurrentAssets:AccountReceivable -15260 HKD
  type: "Invoice Payment"
  sourceId: "189b4bad-60af-4c9a-9291-b05820787a18"
  referenceNo: "68"
  orderId: "05f8e271-8af7-44a8-940e-e44501d9a7dd"
  contact: "852 51648065 (MR. KONG KARL) [0a8647a0-7fef-4198-8dbf-725b7888072b]"
2022-05-21 * "Invoice #40 INV-0055"
  Income:Sales:SalesItem:SellBespokeorotherFee -33200 HKD
  category: "Natural Diamond"
  sku: "DDFFFFFF0800006392214783"
  qty: 1
  referenceNo: "40"
  orderId: "6020cd37-6da9-415a-b41d-0bd25a64480d"
  type: "Invoice Item"
  sourceId: "d2821bf9-d4c9-4167-9902-079ac8662446"
  Income:Sales:SalesItem:SellBespokeorotherFee -3800 HKD
  category: "Ring Setting"
  sku: "DDFFFFFF0B00000000000130"
  qty: 1
  referenceNo: "40"
  orderId: "6020cd37-6da9-415a-b41d-0bd25a64480d"
  type: "Invoice Item"
  sourceId: "66154104-434d-4867-8bec-0a2958231c1c"
  Assets:CurrentAssets:AccountReceivable
  referenceNo: "40"
  orderId: "6020cd37-6da9-415a-b41d-0bd25a64480d"
  type: "Invoice"
  sourceId: "6020cd37-6da9-415a-b41d-0bd25a64480d"
  contact: "852 62992182 (MR. NG KEN) [48790393-4a70-49b4-b8e4-82c517f3f493]"
2022-05-21 * "Invoice #37 INV-0054"
  Income:Sales:SalesItem:Sell18kJewelry -1225 HKD
  category: "Jewelry"
  sku: "DDFFFFFF0300000000000009"
  qty: 1
  referenceNo: "37"
  orderId: "577f4288-a6e4-4a3e-876b-d7cc709b5daf"
  type: "Invoice Item"
  sourceId: "045ef54f-4aa5-40e6-91c0-51c8ec90181f"
  Assets:CurrentAssets:AccountReceivable
  referenceNo: "37"
  orderId: "577f4288-a6e4-4a3e-876b-d7cc709b5daf"
  type: "Invoice"
  sourceId: "577f4288-a6e4-4a3e-876b-d7cc709b5daf"
  contact: "852 52858388 (Elma Ma) [ef9273ef-4cec-43d5-bcd0-9f2b494c2962]"
2022-05-21 * "Invoice #142 INV-0056"
  Income:Sales:SalesItem:Sell18kJewelry -1260 HKD
  category: "Jewelry"
  sku: "DDFFFFFF0300000000000028"
  qty: 1
  referenceNo: "142"
  orderId: "f7a86bb1-00e3-4609-9424-0b1b2d3f33f1"
  type: "Invoice Item"
  sourceId: "67f464bb-0985-40bb-8da2-f3914d0f2b23"
  Income:Sales:SalesItem:Sell18kJewelry -1514 HKD
  category: "Jewelry"
  sku: "DDFFFFFF0300000000000029"
  qty: 1
  referenceNo: "142"
  orderId: "f7a86bb1-00e3-4609-9424-0b1b2d3f33f1"
  type: "Invoice Item"
  sourceId: "491af5da-2796-4cdb-9530-4e76995661c9"
  Assets:CurrentAssets:AccountReceivable
  referenceNo: "142"
  orderId: "f7a86bb1-00e3-4609-9424-0b1b2d3f33f1"
  type: "Invoice"
  sourceId: "f7a86bb1-00e3-4609-9424-0b1b2d3f33f1"
  contact: "852 52858388 (Elma Ma) [ef9273ef-4cec-43d5-bcd0-9f2b494c2962]"
2022-05-21 * "Bill #587 無 SI - GIA PURCHASE 7426826689"
  referenceNo: "587"
  orderId: "900aec0e-07f9-422f-80c8-9ccb67fe7908"
  type: "Bill"
  Expenses:CostOfSales:Purchase:PurchaseItem:BuyDiamond 40354 HKD
  category: "Natural Diamond"
  sku: "DDFFFFFF0800007426826689"
  qty: 1
  referenceNo: "587"
  orderId: "900aec0e-07f9-422f-80c8-9ccb67fe7908"
  type: "Bill Item"
  sourceId: "c592fe8f-16ee-461a-b339-73b6e5bb1f43"
  Liabilities:CurrentLiabilities:AccountPayable
  referenceNo: "587"
  orderId: "900aec0e-07f9-422f-80c8-9ccb67fe7908"
  type: "Bill"
  sourceId: "900aec0e-07f9-422f-80c8-9ccb67fe7908"
  contact: "998 12345767 (SkyHigh Holdings Group Ltd) [efdca012-5d6e-4361-8ec7-f5566615d58a]"
2022-05-21 * "Bill #326 NO SI - #0055, MEMO GIA PURCHASE"
  referenceNo: "326"
  orderId: "b495c3de-312d-4322-9150-d4b07b055616"
  type: "Bill"
  Expenses:CostOfSales:Purchase:PurchaseItem:BuyBespoke 29415 HKD
  category: "Natural Diamond"
  sku: "DDFFFFFF0800006392214783"
  qty: 1
  referenceNo: "326"
  orderId: "b495c3de-312d-4322-9150-d4b07b055616"
  type: "Bill Item"
  sourceId: "9914da1c-bb94-4922-a748-a0918c9d2567"
  Liabilities:CurrentLiabilities:AccountPayable
  referenceNo: "326"
  orderId: "b495c3de-312d-4322-9150-d4b07b055616"
  type: "Bill"
  sourceId: "b495c3de-312d-4322-9150-d4b07b055616"
  contact: "998 12345767 (SkyHigh Holdings Group Ltd) [efdca012-5d6e-4361-8ec7-f5566615d58a]"
2022-05-21 * "Liabilities:CurrentLiabilities:CurrentAccount:C-a-ElmaJewelryLtd" "Invoice Payment for Invoice #142 #6d085c67-13bb-4b75-9803-d08cb750a64c"
  Liabilities:CurrentLiabilities:CurrentAccount:C-a-ElmaJewelryLtd 2774 HKD
  type: "Invoice Payment"
  sourceId: "6d085c67-13bb-4b75-9803-d08cb750a64c"
  referenceNo: "142"
  orderId: "f7a86bb1-00e3-4609-9424-0b1b2d3f33f1"
  Assets:CurrentAssets:AccountReceivable -2774 HKD
  type: "Invoice Payment"
  sourceId: "6d085c67-13bb-4b75-9803-d08cb750a64c"
  referenceNo: "142"
  orderId: "f7a86bb1-00e3-4609-9424-0b1b2d3f33f1"
  contact: "852 52858388 (Elma Ma) [ef9273ef-4cec-43d5-bcd0-9f2b494c2962]"
2022-05-21 * "Liabilities:CurrentLiabilities:CurrentAccount:C-a-ElmaJewelryLtd" "Invoice Payment for Invoice #40 #331aea3a-7c5f-4186-b691-bd8ca82b225f"
  Liabilities:CurrentLiabilities:CurrentAccount:C-a-ElmaJewelryLtd 10000 HKD
  type: "Invoice Payment"
  sourceId: "331aea3a-7c5f-4186-b691-bd8ca82b225f"
  referenceNo: "40"
  orderId: "6020cd37-6da9-415a-b41d-0bd25a64480d"
  Assets:CurrentAssets:AccountReceivable -10000 HKD
  type: "Invoice Payment"
  sourceId: "331aea3a-7c5f-4186-b691-bd8ca82b225f"
  referenceNo: "40"
  orderId: "6020cd37-6da9-415a-b41d-0bd25a64480d"
  contact: "852 62992182 (MR. NG KEN) [48790393-4a70-49b4-b8e4-82c517f3f493]"
2022-05-21 * "Liabilities:CurrentLiabilities:CurrentAccount:C-a-ElmaJewelryLtd" "Invoice Payment for Invoice #37 #719cf4be-d775-45c6-ad05-226d9896ebeb"
  Liabilities:CurrentLiabilities:CurrentAccount:C-a-ElmaJewelryLtd 1225 HKD
  type: "Invoice Payment"
  sourceId: "719cf4be-d775-45c6-ad05-226d9896ebeb"
  referenceNo: "37"
  orderId: "577f4288-a6e4-4a3e-876b-d7cc709b5daf"
  Assets:CurrentAssets:AccountReceivable -1225 HKD
  type: "Invoice Payment"
  sourceId: "719cf4be-d775-45c6-ad05-226d9896ebeb"
  referenceNo: "37"
  orderId: "577f4288-a6e4-4a3e-876b-d7cc709b5daf"
  contact: "852 52858388 (Elma Ma) [ef9273ef-4cec-43d5-bcd0-9f2b494c2962]"
2022-05-23 * "Invoice #55 INV-0057"
  Income:Sales:SalesItem:SellBespokeorotherFee -4200 HKD
  category: "Ring Setting"
  sku: "DDFFFFFF0B00000000000104"
  qty: 1
  referenceNo: "55"
  orderId: "0004dec4-0388-4b63-a32a-317a1df62dfb"
  type: "Invoice Item"
  sourceId: "afce026f-fab5-4375-80bc-da553a9435b5"
  Income:Sales:SalesItem:SellDiamond -79800 HKD
  category: "Natural Diamond"
  sku: "DDFFFFFF0800006375635959"
  qty: 1
  referenceNo: "55"
  orderId: "0004dec4-0388-4b63-a32a-317a1df62dfb"
  type: "Invoice Item"
  sourceId: "ce941f47-87c8-4659-9fa9-3593f8f168ac"
  Assets:CurrentAssets:AccountReceivable
  referenceNo: "55"
  orderId: "0004dec4-0388-4b63-a32a-317a1df62dfb"
  type: "Invoice"
  sourceId: "0004dec4-0388-4b63-a32a-317a1df62dfb"
  contact: "852 91497288 (MR. CHO STEPHEN) [3a1d130e-2c48-4a04-8926-6974b094da58]"
2022-05-23 * "Bill #337 NO SI, GIA PURCHASE"
  referenceNo: "337"
  orderId: "03462648-0017-40c7-b51e-23d5071e8e51"
  type: "Bill"
  Expenses:CostOfSales:Purchase:PurchaseItem:BuyDiamond 45133 HKD
  category: "Natural Diamond"
  sku: "DDFFFFFF0800005383499545"
  qty: 1
  referenceNo: "337"
  orderId: "03462648-0017-40c7-b51e-23d5071e8e51"
  type: "Bill Item"
  sourceId: "38bf6525-4dce-4d00-bc6f-6a0b251ab6cf"
  Liabilities:CurrentLiabilities:AccountPayable
  referenceNo: "337"
  orderId: "03462648-0017-40c7-b51e-23d5071e8e51"
  type: "Bill"
  sourceId: "03462648-0017-40c7-b51e-23d5071e8e51"
  contact: "998 12345767 (SkyHigh Holdings Group Ltd) [efdca012-5d6e-4361-8ec7-f5566615d58a]"
2022-05-23 * "Bill #655 SI-10249-5 INV-0055, 0057, 0064"
  referenceNo: "655"
  orderId: "a2660389-f202-49e4-9f74-2b649a7289cc"
  type: "Bill"
  Expenses:CostOfSales:Purchase:PurchaseItem:BuyBespoke 4957 HKD
  category: "Ring Setting"
  sku: "DDFFFFFF0B00000000000107"
  qty: 1
  referenceNo: "655"
  orderId: "a2660389-f202-49e4-9f74-2b649a7289cc"
  type: "Bill Item"
  sourceId: "e6c5674c-0737-4df0-8d35-e516e06a74e1"
  Expenses:CostOfSales:Purchase:PurchaseItem:BuyBespoke 3658 HKD
  category: "Ring Setting"
  sku: "DDFFFFFF0B00000000000104"
  qty: 1
  referenceNo: "655"
  orderId: "a2660389-f202-49e4-9f74-2b649a7289cc"
  type: "Bill Item"
  sourceId: "ac0350ef-410b-43e2-b867-b782868f090f"
  Expenses:CostOfSales:Purchase:PurchaseItem:BuyBespoke 2742 HKD
  category: "Ring Setting"
  sku: "DDFFFFFF0B00000000000130"
  qty: 1
  referenceNo: "655"
  orderId: "a2660389-f202-49e4-9f74-2b649a7289cc"
  type: "Bill Item"
  sourceId: "e63c8557-fe53-4d26-818f-1ac112ed290f"
  Expenses:CostOfSales:Purchase:PurchaseItem:Buy18kJewelry 2871 HKD
  category: "Ring Setting"
  sku: "DDFFFFFF0B00000000000081"
  qty: 1
  referenceNo: "655"
  orderId: "a2660389-f202-49e4-9f74-2b649a7289cc"
  type: "Bill Item"
  sourceId: "eb718c09-5bbb-4349-9375-6868e93d1a51"
  Expenses:CostOfSales:Purchase:PurchaseItem:BuyCost-ProcessingFee 0 HKD
  qty: "1"
  description: "FRS03ST80361  002 - BE-SPOKE SERVICE - DIAMOND SETTING RING 18K WHITE AND ROSE GOLD 4.6G SIZE: 20   [ cost : 4811 - BS0043 DDFFFFFF0B00000000000126 ]"
  referenceNo: "655"
  orderId: "a2660389-f202-49e4-9f74-2b649a7289cc"
  type: "Bill Item"
  sourceId: "b2f17ac4-0c77-4a99-8bc5-7101a905c816"
  Liabilities:CurrentLiabilities:AccountPayable
  referenceNo: "655"
  orderId: "a2660389-f202-49e4-9f74-2b649a7289cc"
  type: "Bill"
  sourceId: "a2660389-f202-49e4-9f74-2b649a7289cc"
  contact: "998 12345767 (SkyHigh Holdings Group Ltd) [efdca012-5d6e-4361-8ec7-f5566615d58a]"
2022-05-23 * "Assets:CurrentAssets:Bank:BocSavingBank" "Invoice Payment for Invoice #55 #0e685cca-d18f-46e5-8ec6-56d4d806139e"
  Assets:CurrentAssets:Bank:BocSavingBank 50000 HKD
  type: "Invoice Payment"
  sourceId: "0e685cca-d18f-46e5-8ec6-56d4d806139e"
  referenceNo: "55"
  orderId: "0004dec4-0388-4b63-a32a-317a1df62dfb"
  Assets:CurrentAssets:AccountReceivable -50000 HKD
  type: "Invoice Payment"
  sourceId: "0e685cca-d18f-46e5-8ec6-56d4d806139e"
  referenceNo: "55"
  orderId: "0004dec4-0388-4b63-a32a-317a1df62dfb"
  contact: "852 91497288 (MR. CHO STEPHEN) [3a1d130e-2c48-4a04-8926-6974b094da58]"
2022-05-23 * "Assets:CurrentAssets:Bank:BocSavingBank" "Invoice Payment for Invoice #55 #de067105-de20-4862-b7b2-212f6b16b148"
  Assets:CurrentAssets:Bank:BocSavingBank 34000 HKD
  type: "Invoice Payment"
  sourceId: "de067105-de20-4862-b7b2-212f6b16b148"
  referenceNo: "55"
  orderId: "0004dec4-0388-4b63-a32a-317a1df62dfb"
  Assets:CurrentAssets:AccountReceivable -34000 HKD
  type: "Invoice Payment"
  sourceId: "de067105-de20-4862-b7b2-212f6b16b148"
  referenceNo: "55"
  orderId: "0004dec4-0388-4b63-a32a-317a1df62dfb"
  contact: "852 91497288 (MR. CHO STEPHEN) [3a1d130e-2c48-4a04-8926-6974b094da58]"
2022-05-24 * "Liabilities:CurrentLiabilities:CurrentAccount:C-a-MilrichElectronicsHkCoLtd" "Invoice Payment for Invoice #32 #3be82a2a-f24a-4d96-a026-0c36759ea8e0"
  Liabilities:CurrentLiabilities:CurrentAccount:C-a-MilrichElectronicsHkCoLtd 32562 HKD
  type: "Invoice Payment"
  sourceId: "3be82a2a-f24a-4d96-a026-0c36759ea8e0"
  referenceNo: "32"
  orderId: "0bdbbc08-e035-4c0c-bcf0-4952d621fe3b"
  Assets:CurrentAssets:AccountReceivable -32562 HKD
  type: "Invoice Payment"
  sourceId: "3be82a2a-f24a-4d96-a026-0c36759ea8e0"
  referenceNo: "32"
  orderId: "0bdbbc08-e035-4c0c-bcf0-4952d621fe3b"
  contact: "852 63338500 (MR. ASIM) [5935c53a-70ee-455f-a1f1-294d48954eb9]"
2022-05-25 * "Bill #5 SI-10252 #0058, #0073"
  referenceNo: "5"
  orderId: "d8316c2c-f6be-44cd-a017-b608cdfdb57c"
  type: "Bill"
  Expenses:CostOfSales:Purchase:PurchaseItem:BuyBespoke 2900 HKD
  category: "Jewelry"
  sku: "DDFFFFFF0100000000000024"
  qty: 1
  referenceNo: "5"
  orderId: "d8316c2c-f6be-44cd-a017-b608cdfdb57c"
  type: "Bill Item"
  sourceId: "53ed5344-dd0e-4761-9022-391f463886fd"
  Expenses:CostOfSales:Purchase:PurchaseItem:BuyBespoke 2600 HKD
  category: "Jewelry"
  sku: "DDFFFFFF0100000000000023"
  qty: 1
  referenceNo: "5"
  orderId: "d8316c2c-f6be-44cd-a017-b608cdfdb57c"
  type: "Bill Item"
  sourceId: "263570ab-7c49-48ea-99f1-9dbe2b2a30e8"
  Expenses:CostOfSales:Purchase:PurchaseItem:BuyCost-ProcessingFee 100 HKD
  category: "Other"
  sku: "Processing 021"
  qty: 1
  referenceNo: "5"
  orderId: "d8316c2c-f6be-44cd-a017-b608cdfdb57c"
  type: "Bill Item"
  sourceId: "2dd8a2c8-c320-4734-960b-55e95023fdb4"
  Assets:CurrentAssets:ShopInventory:Jewelry -100 HKD
  category: "Other"
  sku: "Processing 021"
  qty: -1
  referenceNo: "5"
  orderId: "d8316c2c-f6be-44cd-a017-b608cdfdb57c"
  type: "Bill Item"
  sourceId: "21f909c7-153d-49ff-b0cd-7f3c37459cc0"
  Assets:CurrentAssets:ShopInventory:Jewelry 9600 HKD
  category: "Jewelry"
  sku: "DDFFFFFF0400000000000018"
  qty: 1
  referenceNo: "5"
  orderId: "d8316c2c-f6be-44cd-a017-b608cdfdb57c"
  type: "Bill Item"
  sourceId: "e1d227e8-fedb-4e05-8637-bd4eb9541dd3"
  Assets:CurrentAssets:ShopInventory:Jewelry -9500 HKD
  category: "Jewelry"
  sku: "DDFFFFFF0400000000000018"
  qty: -1
  referenceNo: "5"
  orderId: "d8316c2c-f6be-44cd-a017-b608cdfdb57c"
  type: "Bill Item"
  sourceId: "289da698-cde1-43bf-aeb7-00a235481602"
  Liabilities:CurrentLiabilities:AccountPayable
  referenceNo: "5"
  orderId: "d8316c2c-f6be-44cd-a017-b608cdfdb57c"
  type: "Bill"
  sourceId: "d8316c2c-f6be-44cd-a017-b608cdfdb57c"
  contact: "998 12345767 (SkyHigh Holdings Group Ltd) [efdca012-5d6e-4361-8ec7-f5566615d58a]"
2022-05-26 * "Bill #12 無 SI - GIA PURCHASE 3435110971 1429970689 "
  referenceNo: "12"
  orderId: "3da5072d-4e5b-4f7f-b7bd-ff43ae393067"
  type: "Bill"
  Expenses:CostOfSales:Purchase:PurchaseItem:BuyDiamond 55097 HKD
  category: "Natural Diamond"
  sku: "DDFFFFFF0800003435110971"
  qty: 1
  referenceNo: "12"
  orderId: "3da5072d-4e5b-4f7f-b7bd-ff43ae393067"
  type: "Bill Item"
  sourceId: "c5b69a39-82c5-4142-ad33-6acf020e0e12"
  Expenses:CostOfSales:Purchase:PurchaseItem:BuyDiamond 25324 HKD
  category: "Natural Diamond"
  sku: "DDFFFFFF0800001429970689"
  qty: 1
  referenceNo: "12"
  orderId: "3da5072d-4e5b-4f7f-b7bd-ff43ae393067"
  type: "Bill Item"
  sourceId: "255e16a7-bdb7-4825-95eb-9014637bb767"
  Liabilities:CurrentLiabilities:AccountPayable
  referenceNo: "12"
  orderId: "3da5072d-4e5b-4f7f-b7bd-ff43ae393067"
  type: "Bill"
  sourceId: "3da5072d-4e5b-4f7f-b7bd-ff43ae393067"
  contact: "998 12345767 (SkyHigh Holdings Group Ltd) [efdca012-5d6e-4361-8ec7-f5566615d58a]"
2022-05-27 * "Invoice #52 INV-0060 MR. CHUI BRUCE"
  Income:Sales:SalesItem:SellDiamond -32000 HKD
  category: "Natural Diamond"
  sku: "DDFFFFFF0800002417431844"
  qty: 1
  referenceNo: "52"
  orderId: "aa85d9cd-b0ba-4531-83af-1b2820590c04"
  type: "Invoice Item"
  sourceId: "ac596c4b-28c9-49d1-91bb-ea92d40ca60a"
  Income:Sales:SalesItem:Sell18kJewelry -3500 HKD
  category: "Ring Setting"
  sku: "DDFFFFFF0B00000000000106"
  qty: 1
  referenceNo: "52"
  orderId: "aa85d9cd-b0ba-4531-83af-1b2820590c04"
  type: "Invoice Item"
  sourceId: "7d844939-8ad6-4589-9e05-ee95fb760df5"
  Assets:CurrentAssets:AccountReceivable
  referenceNo: "52"
  orderId: "aa85d9cd-b0ba-4531-83af-1b2820590c04"
  type: "Invoice"
  sourceId: "aa85d9cd-b0ba-4531-83af-1b2820590c04"
  contact: "852 64479521 (MR. CHUI BRUCE) [d66728f0-7fa6-41e9-a8f0-f4b41687eae0]"
2022-05-27 * "Invoice #27 INV-0059 MR. BENNY CHENG"
  Income:Sales:SalesItem:SellDiamond -63800 HKD
  category: "Natural Diamond"
  sku: "DDFFFFFF0800003435110971"
  qty: 1
  referenceNo: "27"
  orderId: "8e611f89-c8a3-4258-91e4-6f04ef9dbe13"
  type: "Invoice Item"
  sourceId: "9c74ef64-de70-4a34-b2d4-9be569a5ae69"
  Income:Sales:SalesItem:SellBespokeorotherFee -0 HKD
  category: "Ring Setting"
  sku: "DDFFFFFF0B00000000000105"
  qty: 1
  referenceNo: "27"
  orderId: "8e611f89-c8a3-4258-91e4-6f04ef9dbe13"
  type: "Invoice Item"
  sourceId: "9988958f-7fa7-4653-aa8d-646cc727e07d"
  Assets:CurrentAssets:AccountReceivable
  referenceNo: "27"
  orderId: "8e611f89-c8a3-4258-91e4-6f04ef9dbe13"
  type: "Invoice"
  sourceId: "8e611f89-c8a3-4258-91e4-6f04ef9dbe13"
  contact: "852 64625345 (Mr. BENNY CHENG) [e89d0e63-69e8-452b-ba40-f79d6d181c3c]"
2022-05-27 * "Bill #78 EX00071"
  referenceNo: "78"
  orderId: "57c65a8d-87d6-42ed-a747-527d76a11ffc"
  type: "Bill"
  Expenses:BuildingManagementFee 1648 HKD
  qty: "1"
  description: "323管理費(2022-6月)"
  referenceNo: "78"
  orderId: "57c65a8d-87d6-42ed-a747-527d76a11ffc"
  type: "Bill Item"
  sourceId: "f7130201-6419-4d7f-8c0d-b28ec6bb2ba2"
  Liabilities:CurrentLiabilities:AccountPayable
  referenceNo: "78"
  orderId: "57c65a8d-87d6-42ed-a747-527d76a11ffc"
  type: "Bill"
  sourceId: "57c65a8d-87d6-42ed-a747-527d76a11ffc"
  contact: "880 806 () [53b8789a-4451-4a1f-84f7-a9c5da7ada1a]"
2022-05-27 * "Bill #231 NO SI - GIA PURCHASE "
  referenceNo: "231"
  orderId: "ac504521-15f6-40e1-b934-8d30a61655dd"
  type: "Bill"
  Expenses:CostOfSales:Purchase:PurchaseItem:BuyDiamond 28025 HKD
  category: "Natural Diamond"
  sku: "DDFFFFFF0800002417431844"
  qty: 1
  referenceNo: "231"
  orderId: "ac504521-15f6-40e1-b934-8d30a61655dd"
  type: "Bill Item"
  sourceId: "2344c4c7-acfc-451f-9671-c6fc16388646"
  Liabilities:CurrentLiabilities:AccountPayable
  referenceNo: "231"
  orderId: "ac504521-15f6-40e1-b934-8d30a61655dd"
  type: "Bill"
  sourceId: "ac504521-15f6-40e1-b934-8d30a61655dd"
  contact: "998 12345767 (SkyHigh Holdings Group Ltd) [efdca012-5d6e-4361-8ec7-f5566615d58a]"
2022-05-27 * "Bill #131 SI-10247 INV-0059"
  referenceNo: "131"
  orderId: "f6baea9a-f349-4119-bf82-eaa8a2f32aab"
  type: "Bill"
  Expenses:CostOfSales:Purchase:PurchaseItem:BuyBespoke 1895 HKD
  category: "Ring Setting"
  sku: "DDFFFFFF0B00000000000105"
  qty: 1
  referenceNo: "131"
  orderId: "f6baea9a-f349-4119-bf82-eaa8a2f32aab"
  type: "Bill Item"
  sourceId: "259c1b08-57d9-4565-9e7f-577b7385445f"
  Liabilities:CurrentLiabilities:AccountPayable
  referenceNo: "131"
  orderId: "f6baea9a-f349-4119-bf82-eaa8a2f32aab"
  type: "Bill"
  sourceId: "f6baea9a-f349-4119-bf82-eaa8a2f32aab"
  contact: "998 12345767 (SkyHigh Holdings Group Ltd) [efdca012-5d6e-4361-8ec7-f5566615d58a]"
2022-05-27 * "Bill #23 EX00072"
  referenceNo: "23"
  orderId: "4f415a08-32a1-4325-880d-5b5d5b9002c5"
  type: "Bill"
  Expenses:TelephoneAndInternetAndAlarm 380 HKD
  qty: "1"
  description: "323上網(2022-5月)"
  referenceNo: "23"
  orderId: "4f415a08-32a1-4325-880d-5b5d5b9002c5"
  type: "Bill Item"
  sourceId: "a6ef249a-2696-421d-9d28-9bbc34819050"
  Liabilities:CurrentLiabilities:AccountPayable
  referenceNo: "23"
  orderId: "4f415a08-32a1-4325-880d-5b5d5b9002c5"
  type: "Bill"
  sourceId: "4f415a08-32a1-4325-880d-5b5d5b9002c5"
  contact: "880 806 () [53b8789a-4451-4a1f-84f7-a9c5da7ada1a]"
2022-05-27 * "Bill #647 SI-10249-4 #60, 67"
  referenceNo: "647"
  orderId: "324ac028-df2e-439e-8604-9ee8bc14d471"
  type: "Bill"
  Expenses:CostOfSales:Purchase:PurchaseItem:Buy18kJewelry 1891 HKD
  category: "Ring Setting"
  sku: "DDFFFFFF0B00000000000161"
  qty: 1
  referenceNo: "647"
  orderId: "324ac028-df2e-439e-8604-9ee8bc14d471"
  type: "Bill Item"
  sourceId: "756a2fb5-861e-4da3-ad0e-2e9453b820d9"
  Expenses:CostOfSales:Purchase:PurchaseItem:Buy18kJewelry 2338 HKD
  category: "Ring Setting"
  sku: "DDFFFFFF0B00000000000023"
  qty: 1
  referenceNo: "647"
  orderId: "324ac028-df2e-439e-8604-9ee8bc14d471"
  type: "Bill Item"
  sourceId: "cc5d2583-b735-43d6-b3d4-658ae0acb8d2"
  Expenses:CostOfSales:Purchase:PurchaseItem:Buy18kJewelry 2056 HKD
  category: "Ring Setting"
  sku: "DDFFFFFF0B00000000000012"
  qty: 1
  referenceNo: "647"
  orderId: "324ac028-df2e-439e-8604-9ee8bc14d471"
  type: "Bill Item"
  sourceId: "20da7a13-a3da-485d-bc58-1cf459306bfd"
  Expenses:CostOfSales:Purchase:PurchaseItem:Buy18kJewelry 2625 HKD
  category: "Ring Setting"
  sku: "DDFFFFFF0B00000000000024"
  qty: 1
  referenceNo: "647"
  orderId: "324ac028-df2e-439e-8604-9ee8bc14d471"
  type: "Bill Item"
  sourceId: "6c150eec-5bf9-4071-8edd-814e726c014e"
  Expenses:CostOfSales:Purchase:PurchaseItem:BuyCost-ProcessingFee 300 HKD
  category: "Other"
  sku: "Processing 026"
  qty: 1
  referenceNo: "647"
  orderId: "324ac028-df2e-439e-8604-9ee8bc14d471"
  type: "Bill Item"
  sourceId: "2faca6f8-62d3-45c8-ae58-32613fbe7fa9"
  Assets:CurrentAssets:ShopInventory:Jewelry -300 HKD
  category: "Other"
  sku: "Processing 026"
  qty: -1
  referenceNo: "647"
  orderId: "324ac028-df2e-439e-8604-9ee8bc14d471"
  type: "Bill Item"
  sourceId: "f372fa26-59fc-40ce-bb71-08a9557b3082"
  Assets:CurrentAssets:ShopInventory:Jewelry -1895 HKD
  category: "Ring Setting"
  sku: "DDFFFFFF0B00000000000105"
  qty: -1
  referenceNo: "647"
  orderId: "324ac028-df2e-439e-8604-9ee8bc14d471"
  type: "Bill Item"
  sourceId: "64d1309d-727b-48c4-b90e-5ff7f471cdd2"
  Assets:CurrentAssets:ShopInventory:Jewelry 2195 HKD
  category: "Ring Setting"
  sku: "DDFFFFFF0B00000000000105"
  qty: 1
  referenceNo: "647"
  orderId: "324ac028-df2e-439e-8604-9ee8bc14d471"
  type: "Bill Item"
  sourceId: "a14c63ea-ef7f-435e-babe-2fe0ff7f93a9"
  Liabilities:CurrentLiabilities:AccountPayable
  referenceNo: "647"
  orderId: "324ac028-df2e-439e-8604-9ee8bc14d471"
  type: "Bill"
  sourceId: "324ac028-df2e-439e-8604-9ee8bc14d471"
  contact: "998 12345767 (SkyHigh Holdings Group Ltd) [efdca012-5d6e-4361-8ec7-f5566615d58a]"
2022-05-27 * "Assets:CurrentAssets:Bank:KpayBank" "Invoice Payment for Invoice #52 #b92b7e76-b0fa-49b6-a8a3-53f835c91193"
  Assets:CurrentAssets:Bank:KpayBank 17750 HKD
  type: "Invoice Payment"
  sourceId: "b92b7e76-b0fa-49b6-a8a3-53f835c91193"
  referenceNo: "52"
  orderId: "aa85d9cd-b0ba-4531-83af-1b2820590c04"
  Assets:CurrentAssets:AccountReceivable -17750 HKD
  type: "Invoice Payment"
  sourceId: "b92b7e76-b0fa-49b6-a8a3-53f835c91193"
  referenceNo: "52"
  orderId: "aa85d9cd-b0ba-4531-83af-1b2820590c04"
  contact: "852 64479521 (MR. CHUI BRUCE) [d66728f0-7fa6-41e9-a8f0-f4b41687eae0]"
2022-05-27 * "Assets:CurrentAssets:Bank:KpayBank" "Invoice Payment for Invoice #27 #4d76b068-affa-428d-b851-942747a6b830"
  Assets:CurrentAssets:Bank:KpayBank 31900 HKD
  type: "Invoice Payment"
  sourceId: "4d76b068-affa-428d-b851-942747a6b830"
  referenceNo: "27"
  orderId: "8e611f89-c8a3-4258-91e4-6f04ef9dbe13"
  Assets:CurrentAssets:AccountReceivable -31900 HKD
  type: "Invoice Payment"
  sourceId: "4d76b068-affa-428d-b851-942747a6b830"
  referenceNo: "27"
  orderId: "8e611f89-c8a3-4258-91e4-6f04ef9dbe13"
  contact: "852 64625345 (Mr. BENNY CHENG) [e89d0e63-69e8-452b-ba40-f79d6d181c3c]"
2022-05-27 * "880 806 () [53b8789a-4451-4a1f-84f7-a9c5da7ada1a]" "Bill Payment for Bill #23 #f07f93ab-3c0f-429d-917c-14a7098cbdc7"
  contact: "880 806 () [53b8789a-4451-4a1f-84f7-a9c5da7ada1a]"
  Liabilities:CurrentLiabilities:AccountPayable 380 HKD
  type: "Bill Payment"
  sourceId: "f07f93ab-3c0f-429d-917c-14a7098cbdc7"
  referenceNo: "23"
  orderId: "4f415a08-32a1-4325-880d-5b5d5b9002c5"
  Liabilities:CurrentLiabilities:CurrentAccount:C-a-MilrichElectronicsHkCoLtd -380 HKD
  type: "Bill Payment"
  sourceId: "f07f93ab-3c0f-429d-917c-14a7098cbdc7"
  referenceNo: "23"
  orderId: "4f415a08-32a1-4325-880d-5b5d5b9002c5"
2022-05-27 * "880 806 () [53b8789a-4451-4a1f-84f7-a9c5da7ada1a]" "Bill Payment for Bill #78 #0fa13b0d-23ba-4ef6-9389-41ee93fbbea2"
  contact: "880 806 () [53b8789a-4451-4a1f-84f7-a9c5da7ada1a]"
  Liabilities:CurrentLiabilities:AccountPayable 1648 HKD
  type: "Bill Payment"
  sourceId: "0fa13b0d-23ba-4ef6-9389-41ee93fbbea2"
  referenceNo: "78"
  orderId: "57c65a8d-87d6-42ed-a747-527d76a11ffc"
  Liabilities:CurrentLiabilities:CurrentAccount:C-a-MilrichElectronicsHkCoLtd -1648 HKD
  type: "Bill Payment"
  sourceId: "0fa13b0d-23ba-4ef6-9389-41ee93fbbea2"
  referenceNo: "78"
  orderId: "57c65a8d-87d6-42ed-a747-527d76a11ffc"
2022-05-28 * "Invoice #43 INV-0061"
  Income:Sales:SalesItem:SellDiamond -46200 HKD
  category: "Natural Diamond"
  sku: "DDFFFFFF0800006415539240"
  qty: 1
  referenceNo: "43"
  orderId: "9021e056-4259-43a7-810c-339f1fba4a4c"
  type: "Invoice Item"
  sourceId: "f651e308-998a-42bd-897f-3752407518b6"
  Assets:CurrentAssets:AccountReceivable
  referenceNo: "43"
  orderId: "9021e056-4259-43a7-810c-339f1fba4a4c"
  type: "Invoice"
  sourceId: "9021e056-4259-43a7-810c-339f1fba4a4c"
  contact: "852 96587812 (CHARTER TRUMP HOLDINGS LIMITED) [2f269e94-1240-49c1-8038-a5d07a45f731]"
2022-05-28 * "Invoice #153 INV-0062"
  Income:Sales:SalesItem:Sell18kJewelry -2500 HKD
  category: "Jewelry"
  sku: "DDFFFFFF0300000000000015"
  qty: 1
  referenceNo: "153"
  orderId: "ecbd3ffb-dc43-46b1-8a19-0319f39674a1"
  type: "Invoice Item"
  sourceId: "943bc6a9-cd14-4ecf-8ef3-c5efff16cda9"
  Assets:CurrentAssets:AccountReceivable
  referenceNo: "153"
  orderId: "ecbd3ffb-dc43-46b1-8a19-0319f39674a1"
  type: "Invoice"
  sourceId: "ecbd3ffb-dc43-46b1-8a19-0319f39674a1"
  contact: "852 96801665 (MS. SUM WU) [f00aaede-e36c-4d7e-a19f-deb8e423076a]"
2022-05-28 * "Assets:CurrentAssets:Bank:KpayBank" "Invoice Payment for Invoice #153 #cb35fc07-451e-4ea2-a2d5-910212f93bba"
  Assets:CurrentAssets:Bank:KpayBank 2500 HKD
  type: "Invoice Payment"
  sourceId: "cb35fc07-451e-4ea2-a2d5-910212f93bba"
  referenceNo: "153"
  orderId: "ecbd3ffb-dc43-46b1-8a19-0319f39674a1"
  Assets:CurrentAssets:AccountReceivable -2500 HKD
  type: "Invoice Payment"
  sourceId: "cb35fc07-451e-4ea2-a2d5-910212f93bba"
  referenceNo: "153"
  orderId: "ecbd3ffb-dc43-46b1-8a19-0319f39674a1"
  contact: "852 96801665 (MS. SUM WU) [f00aaede-e36c-4d7e-a19f-deb8e423076a]"
2022-05-28 * "Assets:CurrentAssets:Bank:KpayBank" "Invoice Payment for Invoice #43 #c62cfedd-96d5-469d-98d6-51b9cc986f3d"
  Assets:CurrentAssets:Bank:KpayBank 46200 HKD
  type: "Invoice Payment"
  sourceId: "c62cfedd-96d5-469d-98d6-51b9cc986f3d"
  referenceNo: "43"
  orderId: "9021e056-4259-43a7-810c-339f1fba4a4c"
  Assets:CurrentAssets:AccountReceivable -46200 HKD
  type: "Invoice Payment"
  sourceId: "c62cfedd-96d5-469d-98d6-51b9cc986f3d"
  referenceNo: "43"
  orderId: "9021e056-4259-43a7-810c-339f1fba4a4c"
  contact: "852 96587812 (CHARTER TRUMP HOLDINGS LIMITED) [2f269e94-1240-49c1-8038-a5d07a45f731]"
2022-05-28 * "998 12345821 (KPAY) [5a706f32-7edc-48d8-ae47-62fee1e8bba1]" "Bill Payment for Bill #346 #32a556cb-af28-4c07-b187-ff28fd086a9f"
  contact: "998 12345821 (KPAY) [5a706f32-7edc-48d8-ae47-62fee1e8bba1]"
  Liabilities:CurrentLiabilities:AccountPayable 887.75 HKD
  type: "Bill Payment"
  sourceId: "32a556cb-af28-4c07-b187-ff28fd086a9f"
  referenceNo: "346"
  orderId: "4b98705e-49d3-4591-9962-00ec6e68d8d9"
  Assets:CurrentAssets:Bank:KpayBank -887.75 HKD
  type: "Bill Payment"
  sourceId: "32a556cb-af28-4c07-b187-ff28fd086a9f"
  referenceNo: "346"
  orderId: "4b98705e-49d3-4591-9962-00ec6e68d8d9"
2022-05-28 * "998 12345821 (KPAY) [5a706f32-7edc-48d8-ae47-62fee1e8bba1]" "Bill Payment for Bill #347 #cef7a0d3-7e14-4a3e-9447-2bf8ae9bf8ee"
  contact: "998 12345821 (KPAY) [5a706f32-7edc-48d8-ae47-62fee1e8bba1]"
  Liabilities:CurrentLiabilities:AccountPayable 731.5 HKD
  type: "Bill Payment"
  sourceId: "cef7a0d3-7e14-4a3e-9447-2bf8ae9bf8ee"
  referenceNo: "347"
  orderId: "ea31bbb5-23f0-4e46-81d8-1722c8650ee1"
  Assets:CurrentAssets:Bank:KpayBank -731.5 HKD
  type: "Bill Payment"
  sourceId: "cef7a0d3-7e14-4a3e-9447-2bf8ae9bf8ee"
  referenceNo: "347"
  orderId: "ea31bbb5-23f0-4e46-81d8-1722c8650ee1"
2022-05-29 * "Invoice #48 INV-0063"
  Income:Sales:SalesItem:Sell18kJewelry -1991 HKD
  category: "Jewelry"
  sku: "DDFFFFFF0200000000000030"
  qty: 1
  referenceNo: "48"
  orderId: "6a6fb747-569c-40b3-a39e-307303cd10d6"
  type: "Invoice Item"
  sourceId: "5e4894b0-aa9d-45a2-b83b-08b86ee3b7f1"
  Assets:CurrentAssets:AccountReceivable
  referenceNo: "48"
  orderId: "6a6fb747-569c-40b3-a39e-307303cd10d6"
  type: "Invoice"
  sourceId: "6a6fb747-569c-40b3-a39e-307303cd10d6"
  contact: "998 12345708 (David Kwan(Director)) [02ab8da0-959b-440e-9733-c02eab1b0288]"
2022-05-30 * "Invoice #73 INV-0064 MR. ALI (DAVID FD)"
  Income:Sales:SalesItem:Sell18kJewelry -8000.36 HKD
  category: "Ring Setting"
  sku: "DDFFFFFF0B00000000000107"
  qty: 1
  referenceNo: "73"
  orderId: "09392812-ca35-4868-ad78-777318d1c413"
  type: "Invoice Item"
  sourceId: "79ae3bc4-91a9-4b0d-a3d4-a353892a8282"
  Income:Sales:SalesItem:SellDiamond -28000 HKD
  category: "Natural Diamond"
  sku: "DDFFFFFF0800001429970689"
  qty: 1
  referenceNo: "73"
  orderId: "09392812-ca35-4868-ad78-777318d1c413"
  type: "Invoice Item"
  sourceId: "8d285fb5-f8e6-4447-9c16-7d9b4358d389"
  Assets:CurrentAssets:AccountReceivable
  referenceNo: "73"
  orderId: "09392812-ca35-4868-ad78-777318d1c413"
  type: "Invoice"
  sourceId: "09392812-ca35-4868-ad78-777318d1c413"
  contact: "852 63821125 (MR. ALI) [98403b53-2297-4bd6-a8be-ce845b3e44d7]"
2022-05-30 * "Bill #81 EX00073"
  referenceNo: "81"
  orderId: "a9f54bce-4eb1-41f3-bdcc-a41166c09887"
  type: "Bill"
  Expenses:AdvertisingAndBranding 1685 HKD
  category: "CXL - Admin Expense"
  sku: "other - admin (不記倉存)"
  qty: 1
  referenceNo: "81"
  orderId: "a9f54bce-4eb1-41f3-bdcc-a41166c09887"
  type: "Bill Item"
  sourceId: "a09e8fea-ea18-4724-a052-f30267d1fe67"
  Liabilities:CurrentLiabilities:AccountPayable
  referenceNo: "81"
  orderId: "a9f54bce-4eb1-41f3-bdcc-a41166c09887"
  type: "Bill"
  sourceId: "a9f54bce-4eb1-41f3-bdcc-a41166c09887"
  contact: "880 806 () [53b8789a-4451-4a1f-84f7-a9c5da7ada1a]"
2022-05-30 * "Bill #126 GIA PURCHASE, Inv#22230589"
  referenceNo: "126"
  orderId: "d4126d52-a2f5-471a-ba41-202d1b6db07c"
  type: "Bill"
  Expenses:CostOfSales:Purchase:PurchaseItem:BuyDiamond 28403 HKD
  category: "Natural Diamond"
  sku: "DDFFFFFF0800002434151831"
  qty: 1
  referenceNo: "126"
  orderId: "d4126d52-a2f5-471a-ba41-202d1b6db07c"
  type: "Bill Item"
  sourceId: "7ee31f1f-a138-4a3c-8fb3-a78320300aac"
  Liabilities:CurrentLiabilities:AccountPayable
  referenceNo: "126"
  orderId: "d4126d52-a2f5-471a-ba41-202d1b6db07c"
  type: "Bill"
  sourceId: "d4126d52-a2f5-471a-ba41-202d1b6db07c"
  contact: "998 12345762 (STAR RAYS DIAMOND HK LTD.) [541705df-67e8-4341-a8fc-b7225224b6a4]"
2022-05-30 * "Bill #801 SI-10249-5 INV-0055, 0057, 0064, 0085"
  referenceNo: "801"
  orderId: "b0bd42b5-78fb-4d46-b76c-51c2f70bdae1"
  type: "Bill"
  Expenses:CostOfSales:Purchase:PurchaseItem:Buy18kJewelry 4811 HKD
  category: "Ring Setting"
  sku: "DDFFFFFF0B00000000000126"
  qty: 1
  referenceNo: "801"
  orderId: "b0bd42b5-78fb-4d46-b76c-51c2f70bdae1"
  type: "Bill Item"
  sourceId: "91359fb4-4c4c-4324-81c1-319182ba7f4b"
  Liabilities:CurrentLiabilities:AccountPayable
  referenceNo: "801"
  orderId: "b0bd42b5-78fb-4d46-b76c-51c2f70bdae1"
  type: "Bill"
  sourceId: "b0bd42b5-78fb-4d46-b76c-51c2f70bdae1"
  contact: "998 12345767 (SkyHigh Holdings Group Ltd) [efdca012-5d6e-4361-8ec7-f5566615d58a]"
2022-05-30 * "880 806 () [53b8789a-4451-4a1f-84f7-a9c5da7ada1a]" "Bill Payment for Bill #81 #b8111d8e-ff6c-476d-82cd-d6ac2cffbe40"
  contact: "880 806 () [53b8789a-4451-4a1f-84f7-a9c5da7ada1a]"
  Liabilities:CurrentLiabilities:AccountPayable 1685 HKD
  type: "Bill Payment"
  sourceId: "b8111d8e-ff6c-476d-82cd-d6ac2cffbe40"
  referenceNo: "81"
  orderId: "a9f54bce-4eb1-41f3-bdcc-a41166c09887"
  Assets:CurrentAssets:Bank:BocSavingBank -1685 HKD
  type: "Bill Payment"
  sourceId: "b8111d8e-ff6c-476d-82cd-d6ac2cffbe40"
  referenceNo: "81"
  orderId: "a9f54bce-4eb1-41f3-bdcc-a41166c09887"
2022-05-30 * "998 12345762 (STAR RAYS DIAMOND HK LTD.) [541705df-67e8-4341-a8fc-b7225224b6a4]" "Bill Payment for Bill #126 #e44b92ad-a9f7-4168-bd03-9ed1abefec20"
  contact: "998 12345762 (STAR RAYS DIAMOND HK LTD.) [541705df-67e8-4341-a8fc-b7225224b6a4]"
  Liabilities:CurrentLiabilities:AccountPayable 28403 HKD
  type: "Bill Payment"
  sourceId: "e44b92ad-a9f7-4168-bd03-9ed1abefec20"
  referenceNo: "126"
  orderId: "d4126d52-a2f5-471a-ba41-202d1b6db07c"
  Assets:CurrentAssets:Cash:CashInHand -28403 HKD
  type: "Bill Payment"
  sourceId: "e44b92ad-a9f7-4168-bd03-9ed1abefec20"
  referenceNo: "126"
  orderId: "d4126d52-a2f5-471a-ba41-202d1b6db07c"
2022-05-31 * "Invoice #97 interest"
  Income:OtherIncome:Interest-bank -0.02 HKD
  description: "bank interest"
  qty: 1
  referenceNo: "97"
  orderId: "08bc12cc-1e6e-4780-bab3-5b347ecfff1e"
  type: "Invoice Item"
  sourceId: "a038bcfa-acf6-43c6-a4b1-402ab90278a2"
  Assets:CurrentAssets:AccountReceivable
  referenceNo: "97"
  orderId: "08bc12cc-1e6e-4780-bab3-5b347ecfff1e"
  type: "Invoice"
  sourceId: "08bc12cc-1e6e-4780-bab3-5b347ecfff1e"
  contact: "998 12345835 (boc(bank of china)) [82f385a7-d238-4826-9a12-e06648f93cdb]"
2022-05-31 * "Bill #346 kpay001"
  referenceNo: "346"
  orderId: "4b98705e-49d3-4591-9962-00ec6e68d8d9"
  type: "Bill"
  Expenses:CardFeeExpense 887.75 HKD
  qty: "1"
  description: ""
  referenceNo: "346"
  orderId: "4b98705e-49d3-4591-9962-00ec6e68d8d9"
  type: "Bill Item"
  sourceId: "723bba35-d851-422e-86e2-fe61fd8628ff"
  Liabilities:CurrentLiabilities:AccountPayable
  referenceNo: "346"
  orderId: "4b98705e-49d3-4591-9962-00ec6e68d8d9"
  type: "Bill"
  sourceId: "4b98705e-49d3-4591-9962-00ec6e68d8d9"
  contact: "998 12345821 (KPAY) [5a706f32-7edc-48d8-ae47-62fee1e8bba1]"
2022-05-31 * "Assets:CurrentAssets:Bank:BocSavingBank" "Invoice Payment for Invoice #97 #807e9a67-23c4-4bda-80bc-e0413d212fe5"
  Assets:CurrentAssets:Bank:BocSavingBank 0.02 HKD
  type: "Invoice Payment"
  sourceId: "807e9a67-23c4-4bda-80bc-e0413d212fe5"
  referenceNo: "97"
  orderId: "08bc12cc-1e6e-4780-bab3-5b347ecfff1e"
  Assets:CurrentAssets:AccountReceivable -0.02 HKD
  type: "Invoice Payment"
  sourceId: "807e9a67-23c4-4bda-80bc-e0413d212fe5"
  referenceNo: "97"
  orderId: "08bc12cc-1e6e-4780-bab3-5b347ecfff1e"
  contact: "998 12345835 (boc(bank of china)) [82f385a7-d238-4826-9a12-e06648f93cdb]"
2022-05-31 * "Bill #428 IT SUPPORT - CHAN CHI HUNG"
  referenceNo: "428"
  orderId: "685db32f-1e09-4dd4-9b7a-621dd348f310"
  type: "Bill"
  Expenses:WebErpDev 3800 HKD
  qty: "1"
  description: "IT SUPPORT - CHAN CHI HUNG"
  referenceNo: "428"
  orderId: "685db32f-1e09-4dd4-9b7a-621dd348f310"
  type: "Bill Item"
  sourceId: "efcc0395-412c-4a7c-afc0-ef59c4790267"
  Liabilities:CurrentLiabilities:AccountPayable
  referenceNo: "428"
  orderId: "685db32f-1e09-4dd4-9b7a-621dd348f310"
  type: "Bill"
  sourceId: "685db32f-1e09-4dd4-9b7a-621dd348f310"
  contact: "880 806 () [53b8789a-4451-4a1f-84f7-a9c5da7ada1a]"
2022-05-31 * "880 806 () [53b8789a-4451-4a1f-84f7-a9c5da7ada1a]" "Bill Payment for Bill #428 #afdffe81-04a7-4b85-8349-d2089c53b3b0"
  contact: "880 806 () [53b8789a-4451-4a1f-84f7-a9c5da7ada1a]"
  Liabilities:CurrentLiabilities:AccountPayable 3800 HKD
  type: "Bill Payment"
  sourceId: "afdffe81-04a7-4b85-8349-d2089c53b3b0"
  referenceNo: "428"
  orderId: "685db32f-1e09-4dd4-9b7a-621dd348f310"
  Assets:CurrentAssets:Bank:BocCurrentBank -3800 HKD
  type: "Bill Payment"
  sourceId: "afdffe81-04a7-4b85-8349-d2089c53b3b0"
  referenceNo: "428"
  orderId: "685db32f-1e09-4dd4-9b7a-621dd348f310"