; ORDER transactions for 2022-12

2022-12-02 * "Bill #401 FACEBK *RNSMZLTZM2"
  referenceNo: "401"
  orderId: "470f0dd0-16ae-4d1e-a374-80b705e8527f"
  type: "Bill"
  Expenses:GeneralExpense:AdvertisingAndBranding 7500.00 HKD
  qty: "1"
  description: "FACEBK *RNSMZLTZM2"
  referenceNo: "401"
  orderId: "470f0dd0-16ae-4d1e-a374-80b705e8527f"
  type: "Bill Item"
  sourceId: "8c9d3353-31ef-4d69-a497-e5be86a6c3bb"
  Liabilities:CurrentLiabilities:AccountPayable
  referenceNo: "401"
  orderId: "470f0dd0-16ae-4d1e-a374-80b705e8527f"
  type: "Bill"
  sourceId: "470f0dd0-16ae-4d1e-a374-80b705e8527f"
  contact: "880 806 () [53b8789a-4451-4a1f-84f7-a9c5da7ada1a]"
2022-12-02 * "Bill #421 OVERSEA TRANSACTION FEE"
  referenceNo: "421"
  orderId: "6897304f-4c06-44b6-a560-14b4af3659db"
  type: "Bill"
  Expenses:GeneralExpense:BankFeesExpense 60.00 HKD
  qty: "1"
  description: "OVERSEA TRANSACTION FEE"
  referenceNo: "421"
  orderId: "6897304f-4c06-44b6-a560-14b4af3659db"
  type: "Bill Item"
  sourceId: "460c103a-b15a-437a-a2c3-050b0787122b"
  Liabilities:CurrentLiabilities:AccountPayable
  referenceNo: "421"
  orderId: "6897304f-4c06-44b6-a560-14b4af3659db"
  type: "Bill"
  sourceId: "6897304f-4c06-44b6-a560-14b4af3659db"
  contact: "998 12345835 (boc(bankofchina)) [82f385a7-d238-4826-9a12-e06648f93cdb]"
2022-12-02 * "880 806 () [53b8789a-4451-4a1f-84f7-a9c5da7ada1a]" "Bill Payment for Bill #401 #a9c910ce-5318-43ad-8ec1-86b1718ac434"
  Liabilities:CurrentLiabilities:AccountPayable 7500.00 HKD
  contact: "880 806 () [53b8789a-4451-4a1f-84f7-a9c5da7ada1a]"
  type: "Bill Payment"
  sourceId: "a9c910ce-5318-43ad-8ec1-86b1718ac434"
  referenceNo: "401"
  orderId: "470f0dd0-16ae-4d1e-a374-80b705e8527f"
  Assets:CurrentAssets:Bank:BocVisaCard-DavidBank -7500.00 HKD
  type: "Bill Payment"
  sourceId: "a9c910ce-5318-43ad-8ec1-86b1718ac434"
  referenceNo: "401"
  orderId: "470f0dd0-16ae-4d1e-a374-80b705e8527f"
2022-12-02 * "998 12345835 (boc(bankofchina)) [82f385a7-d238-4826-9a12-e06648f93cdb]" "Bill Payment for Bill #421 #91aff930-a945-49ba-a62c-e7764288c0db"
  Liabilities:CurrentLiabilities:AccountPayable 60.00 HKD
  contact: "998 12345835 (boc(bankofchina)) [82f385a7-d238-4826-9a12-e06648f93cdb]"
  type: "Bill Payment"
  sourceId: "91aff930-a945-49ba-a62c-e7764288c0db"
  referenceNo: "421"
  orderId: "6897304f-4c06-44b6-a560-14b4af3659db"
  Assets:CurrentAssets:Bank:BocVisaCard-DavidBank -60.00 HKD
  type: "Bill Payment"
  sourceId: "91aff930-a945-49ba-a62c-e7764288c0db"
  referenceNo: "421"
  orderId: "6897304f-4c06-44b6-a560-14b4af3659db"
2022-12-02 * "Bill #439 323 12月2022 租金"
  referenceNo: "439"
  orderId: "92ab5e5b-897e-408d-8222-240b6e8c74bc"
  type: "Bill"
  Expenses:GeneralExpense:Rent 17000.00 HKD
  qty: "1"
  description: "323 12月租金"
  referenceNo: "439"
  orderId: "92ab5e5b-897e-408d-8222-240b6e8c74bc"
  type: "Bill Item"
  sourceId: "dcf0b60b-58a3-43dd-acd1-9d03226442f3"
  Liabilities:CurrentLiabilities:AccountPayable
  referenceNo: "439"
  orderId: "92ab5e5b-897e-408d-8222-240b6e8c74bc"
  type: "Bill"
  sourceId: "92ab5e5b-897e-408d-8222-240b6e8c74bc"
  contact: "880 806 () [53b8789a-4451-4a1f-84f7-a9c5da7ada1a]"
2022-12-02 * "880 806 () [53b8789a-4451-4a1f-84f7-a9c5da7ada1a]" "Bill Payment for Bill #439 #9f3bcf0b-881d-4fc3-91c4-fb97a2a9f423"
  Liabilities:CurrentLiabilities:AccountPayable 17000.00 HKD
  contact: "880 806 () [53b8789a-4451-4a1f-84f7-a9c5da7ada1a]"
  type: "Bill Payment"
  sourceId: "9f3bcf0b-881d-4fc3-91c4-fb97a2a9f423"
  referenceNo: "439"
  orderId: "92ab5e5b-897e-408d-8222-240b6e8c74bc"
  Assets:CurrentAssets:Bank:BocCurrentBank -17000.00 HKD
  type: "Bill Payment"
  sourceId: "9f3bcf0b-881d-4fc3-91c4-fb97a2a9f423"
  referenceNo: "439"
  orderId: "92ab5e5b-897e-408d-8222-240b6e8c74bc"
2022-12-05 * "Invoice #141 INV-0155"
  Income:Sales:SalesItem:SellDiamond -8970.00 USD
  category: "Natural Diamond"
  sku: "DDFFFFFF0800002387893806"
  qty: 1
  referenceNo: "141"
  orderId: "3bd8ee00-4a9d-4133-98c8-f0b79d4be4bc"
  type: "Invoice Item"
  sourceId: "e6702964-ef44-4769-bde5-c1fd8d5797a9"
  Assets:CurrentAssets:AccountReceivable
  referenceNo: "141"
  orderId: "3bd8ee00-4a9d-4133-98c8-f0b79d4be4bc"
  type: "Invoice"
  sourceId: "3bd8ee00-4a9d-4133-98c8-f0b79d4be4bc"
  contact: "998 12345734 (MaysunJewelleryMfg.ComLtd) [34a919ea-90e7-4663-a9ad-c946900ff74a]"
2022-12-05 * "Bill #1092 GVS AUSTRIA 買金磅"
  referenceNo: "1092"
  orderId: "eea7a25d-2a14-4045-8e21-2c1e327fa43d"
  type: "Bill"
  Assets:Non-currentAssets:BuyEquipment 8805.08 HKD
  qty: "1"
  description: "GVS AUSTRIA  買金磅"
  referenceNo: "1092"
  orderId: "eea7a25d-2a14-4045-8e21-2c1e327fa43d"
  type: "Bill Item"
  sourceId: "df9e23f4-0fa9-49f1-9406-b98bb7856035"
  Liabilities:CurrentLiabilities:AccountPayable
  referenceNo: "1092"
  orderId: "eea7a25d-2a14-4045-8e21-2c1e327fa43d"
  type: "Bill"
  sourceId: "eea7a25d-2a14-4045-8e21-2c1e327fa43d"
  contact: "880 806 () [53b8789a-4451-4a1f-84f7-a9c5da7ada1a]"
2022-12-05 * "Assets:CurrentAssets:Bank:BocForeignBank" "Invoice Payment for Invoice #141 #a7c4399f-c2ed-4d61-b4f3-981a50f7ded0"
  Assets:CurrentAssets:Bank:BocForeignBank 8970.00 USD
  type: "Invoice Payment"
  sourceId: "a7c4399f-c2ed-4d61-b4f3-981a50f7ded0"
  referenceNo: "141"
  orderId: "3bd8ee00-4a9d-4133-98c8-f0b79d4be4bc"
  Assets:CurrentAssets:AccountReceivable -8970.00 USD
  type: "Invoice Payment"
  sourceId: "a7c4399f-c2ed-4d61-b4f3-981a50f7ded0"
  referenceNo: "141"
  orderId: "3bd8ee00-4a9d-4133-98c8-f0b79d4be4bc"
  contact: "998 12345734 (MaysunJewelleryMfg.ComLtd) [34a919ea-90e7-4663-a9ad-c946900ff74a]"
2022-12-05 * "880 806 () [53b8789a-4451-4a1f-84f7-a9c5da7ada1a]" "Bill Payment for Bill #1092 #f034af5b-97ba-4e31-9013-22c657610cbe"
  Liabilities:CurrentLiabilities:AccountPayable 8805.08 HKD
  contact: "880 806 () [53b8789a-4451-4a1f-84f7-a9c5da7ada1a]"
  type: "Bill Payment"
  sourceId: "f034af5b-97ba-4e31-9013-22c657610cbe"
  referenceNo: "1092"
  orderId: "eea7a25d-2a14-4045-8e21-2c1e327fa43d"
  Liabilities:CurrentLiabilities:CurrentAccount:C-a-MilrichElectronicsHkCoLtd -8805.08 HKD
  type: "Bill Payment"
  sourceId: "f034af5b-97ba-4e31-9013-22c657610cbe"
  referenceNo: "1092"
  orderId: "eea7a25d-2a14-4045-8e21-2c1e327fa43d"
2022-12-06 * "Assets:CurrentAssets:Bank:BocSavingBank" "Invoice Payment for Invoice #99 #b7733bde-c4c1-4943-af60-0c4b0614fd55"
  Assets:CurrentAssets:Bank:BocSavingBank 42000.00 HKD
  type: "Invoice Payment"
  sourceId: "b7733bde-c4c1-4943-af60-0c4b0614fd55"
  referenceNo: "99"
  orderId: "65cd7155-ff1d-491f-b946-919214252f3a"
  Assets:CurrentAssets:AccountReceivable -42000.00 HKD
  type: "Invoice Payment"
  sourceId: "b7733bde-c4c1-4943-af60-0c4b0614fd55"
  referenceNo: "99"
  orderId: "65cd7155-ff1d-491f-b946-919214252f3a"
  contact: "852 51314057 (MR.HOCHUNKEUNG) [3acc9f4d-f5f5-43d3-b286-accf2959e51a]"
2022-12-06 * "Assets:CurrentAssets:Bank:BocSavingBank" "Invoice Payment for Invoice #99 #06a90651-55bf-4a61-bd98-ca49ca3a0c6e"
  Assets:CurrentAssets:Bank:BocSavingBank 200.00 HKD
  type: "Invoice Payment"
  sourceId: "06a90651-55bf-4a61-bd98-ca49ca3a0c6e"
  referenceNo: "99"
  orderId: "65cd7155-ff1d-491f-b946-919214252f3a"
  Assets:CurrentAssets:AccountReceivable -200.00 HKD
  type: "Invoice Payment"
  sourceId: "06a90651-55bf-4a61-bd98-ca49ca3a0c6e"
  referenceNo: "99"
  orderId: "65cd7155-ff1d-491f-b946-919214252f3a"
  contact: "852 51314057 (MR.HOCHUNKEUNG) [3acc9f4d-f5f5-43d3-b286-accf2959e51a]"
2022-12-07 * "Invoice #105 INV-0158 MR.TANG"
  Income:Sales:SalesItem:SellDiamond -69800.00 HKD
  category: "Natural Diamond"
  sku: "DDFFFFFF0800001363861428"
  qty: 1
  referenceNo: "105"
  orderId: "a02f59c5-bb79-4838-a252-c706655f402e"
  type: "Invoice Item"
  sourceId: "d553b4b7-710c-41ff-b09d-34bf0bfa75e5"
  Income:Sales:SalesItem:Sell18kJewelry -0.00 HKD
  category: "Ring Setting"
  sku: "DDFFFFFF0B00000000000156"
  qty: 1
  referenceNo: "105"
  orderId: "a02f59c5-bb79-4838-a252-c706655f402e"
  type: "Invoice Item"
  sourceId: "90c268f1-7cc7-440c-8f47-6c71600feccb"
  Income:Sales:Discount --500.00 HKD
  description: "STAFF DISCOUNT: 500"
  qty: 1
  referenceNo: "105"
  orderId: "a02f59c5-bb79-4838-a252-c706655f402e"
  type: "Invoice Item"
  sourceId: "10049b80-6a07-4a85-8a08-fdc8621e17a4"
  Assets:CurrentAssets:AccountReceivable
  referenceNo: "105"
  orderId: "a02f59c5-bb79-4838-a252-c706655f402e"
  type: "Invoice"
  sourceId: "a02f59c5-bb79-4838-a252-c706655f402e"
  contact: "852 93841438 (MR.TANG) [7ba3b134-36ae-436f-ae6c-5e9e634ba25b]"
2022-12-07 * "Invoice #106 INV-0157 MR. MATCH"
  Income:Sales:SalesItem:SellBespokeorotherFee -200.00 HKD
  category: "Other"
  sku: "Processing 016"
  qty: 1
  referenceNo: "106"
  orderId: "b782f128-1b53-4eb7-b8af-a18a457c8b62"
  type: "Invoice Item"
  sourceId: "251d03cd-a119-4ca1-bd67-41549df71af6"
  Assets:CurrentAssets:AccountReceivable
  referenceNo: "106"
  orderId: "b782f128-1b53-4eb7-b8af-a18a457c8b62"
  type: "Invoice"
  sourceId: "b782f128-1b53-4eb7-b8af-a18a457c8b62"
  contact: "852 60276419 (MR.WONGMATCH) [83ea2688-e643-4c48-9674-ef82ccf28843]"
2022-12-07 * "Invoice #108 INV-0156 MR.TSE SUNNY"
  Income:Sales:SalesItem:SellDiamond -177000.00 HKD
  category: "Natural Diamond"
  sku: "DDFFFFFF0800006435049232"
  qty: 1
  referenceNo: "108"
  orderId: "d2c00a4e-2064-4649-83a8-73872f48cb72"
  type: "Invoice Item"
  sourceId: "5dec48c4-cc56-4138-8d3f-d3717461ccbe"
  Assets:CurrentAssets:AccountReceivable
  referenceNo: "108"
  orderId: "d2c00a4e-2064-4649-83a8-73872f48cb72"
  type: "Invoice"
  sourceId: "d2c00a4e-2064-4649-83a8-73872f48cb72"
  contact: "852 52468997 (MR.TSESUNNY) [14b1feaf-871e-48d3-91b4-ffac60dd3080]"
2022-12-07 * "Bill #322 INV-0157"
  referenceNo: "322"
  orderId: "c80290d5-a8cb-42db-a152-e15069e55991"
  type: "Bill"
  Expenses:CostOfSales:Purchase:PurchaseItem:BuyCost-ProcessingFee 200.00 HKD
  category: "Other"
  sku: "Processing 016"
  qty: 1
  referenceNo: "322"
  orderId: "c80290d5-a8cb-42db-a152-e15069e55991"
  type: "Bill Item"
  sourceId: "859e872e-2bb0-4eb4-9b08-82c606f54611"
  Liabilities:CurrentLiabilities:AccountPayable
  referenceNo: "322"
  orderId: "c80290d5-a8cb-42db-a152-e15069e55991"
  type: "Bill"
  sourceId: "c80290d5-a8cb-42db-a152-e15069e55991"
  contact: "998 12345767 (SkyHighHoldingsGroupLtd) [efdca012-5d6e-4361-8ec7-f5566615d58a]"
2022-12-07 * "Assets:CurrentAssets:Bank:KpayBank" "Invoice Payment for Invoice #108 #b43ae347-a6f5-486f-8aaf-2456b3c2ed50"
  Assets:CurrentAssets:Bank:KpayBank 170000.00 HKD
  type: "Invoice Payment"
  sourceId: "b43ae347-a6f5-486f-8aaf-2456b3c2ed50"
  referenceNo: "108"
  orderId: "d2c00a4e-2064-4649-83a8-73872f48cb72"
  Assets:CurrentAssets:AccountReceivable -170000.00 HKD
  type: "Invoice Payment"
  sourceId: "b43ae347-a6f5-486f-8aaf-2456b3c2ed50"
  referenceNo: "108"
  orderId: "d2c00a4e-2064-4649-83a8-73872f48cb72"
  contact: "852 52468997 (MR.TSESUNNY) [14b1feaf-871e-48d3-91b4-ffac60dd3080]"
2022-12-07 * "Assets:CurrentAssets:Bank:KpayBank" "Invoice Payment for Invoice #105 #6f71d725-6e7f-476b-8572-f20ff610c46f"
  Assets:CurrentAssets:Bank:KpayBank 34650.00 HKD
  type: "Invoice Payment"
  sourceId: "6f71d725-6e7f-476b-8572-f20ff610c46f"
  referenceNo: "105"
  orderId: "a02f59c5-bb79-4838-a252-c706655f402e"
  Assets:CurrentAssets:AccountReceivable -34650.00 HKD
  type: "Invoice Payment"
  sourceId: "6f71d725-6e7f-476b-8572-f20ff610c46f"
  referenceNo: "105"
  orderId: "a02f59c5-bb79-4838-a252-c706655f402e"
  contact: "852 93841438 (MR.TANG) [7ba3b134-36ae-436f-ae6c-5e9e634ba25b]"
2022-12-07 * "998 12345821 (KPAY) [5a706f32-7edc-48d8-ae47-62fee1e8bba1]" "Bill Payment for Bill #393 #5bbd20a1-0d9a-4820-9a09-0f560d7eb031"
  Liabilities:CurrentLiabilities:AccountPayable 625.75 HKD
  contact: "998 12345821 (KPAY) [5a706f32-7edc-48d8-ae47-62fee1e8bba1]"
  type: "Bill Payment"
  sourceId: "5bbd20a1-0d9a-4820-9a09-0f560d7eb031"
  referenceNo: "393"
  orderId: "1a37e294-f3af-4000-9a88-a1e84c9d23ff"
  Assets:CurrentAssets:Bank:KpayBank -625.75 HKD
  type: "Bill Payment"
  sourceId: "5bbd20a1-0d9a-4820-9a09-0f560d7eb031"
  referenceNo: "393"
  orderId: "1a37e294-f3af-4000-9a88-a1e84c9d23ff"
2022-12-08 * "Bill #282 BANK FEE"
  referenceNo: "282"
  orderId: "6de0cfed-9a55-4672-80a5-a061e18fb997"
  type: "Bill"
  Expenses:GeneralExpense:BankFeesExpense 55.00 HKD
  qty: "1"
  description: "BANK FEE"
  referenceNo: "282"
  orderId: "6de0cfed-9a55-4672-80a5-a061e18fb997"
  type: "Bill Item"
  sourceId: "f083f9f7-9709-4e50-acff-cce16cd262a4"
  Liabilities:CurrentLiabilities:AccountPayable
  referenceNo: "282"
  orderId: "6de0cfed-9a55-4672-80a5-a061e18fb997"
  type: "Bill"
  sourceId: "6de0cfed-9a55-4672-80a5-a061e18fb997"
  contact: "880 806 () [53b8789a-4451-4a1f-84f7-a9c5da7ada1a]"
2022-12-08 * "Bill #285 kpay053"
  referenceNo: "285"
  orderId: "5abc1c91-fa44-42e6-9684-106bd2ebb411"
  type: "Bill"
  Expenses:GeneralExpense:CardFeeExpense 2551.00 HKD
  qty: "1"
  description: "KPAY FEE"
  referenceNo: "285"
  orderId: "5abc1c91-fa44-42e6-9684-106bd2ebb411"
  type: "Bill Item"
  sourceId: "5732241c-3024-4101-8fc0-8f14ac89b93c"
  Liabilities:CurrentLiabilities:AccountPayable
  referenceNo: "285"
  orderId: "5abc1c91-fa44-42e6-9684-106bd2ebb411"
  type: "Bill"
  sourceId: "5abc1c91-fa44-42e6-9684-106bd2ebb411"
  contact: "998 12345821 (KPAY) [5a706f32-7edc-48d8-ae47-62fee1e8bba1]"
2022-12-08 * "Bill #281 #0156 GIA PURCHASE, INV.20221208009513"
  referenceNo: "281"
  orderId: "24127b02-b550-4d61-a20b-6ae2f4624c68"
  type: "Bill"
  Expenses:CostOfSales:Purchase:PurchaseItem:BuyDiamond 164228.37 HKD
  category: "Natural Diamond"
  sku: "DDFFFFFF0800006435049232"
  qty: 1
  referenceNo: "281"
  orderId: "24127b02-b550-4d61-a20b-6ae2f4624c68"
  type: "Bill Item"
  sourceId: "247e9395-ba3f-4735-b95c-f9465302c7e1"
  Liabilities:CurrentLiabilities:AccountPayable
  referenceNo: "281"
  orderId: "24127b02-b550-4d61-a20b-6ae2f4624c68"
  type: "Bill"
  sourceId: "24127b02-b550-4d61-a20b-6ae2f4624c68"
  contact: "998 12345689 (BEEGEMSCO.LIMITED) [f086b72b-16f2-4988-8d2c-43226241b70f]"
2022-12-08 * "Assets:CurrentAssets:Bank:KpayBank" "Invoice Payment for Invoice #108 #9d6550da-3d8c-4a6a-bacb-eaa33be54e8d"
  Assets:CurrentAssets:Bank:KpayBank 7000.00 HKD
  type: "Invoice Payment"
  sourceId: "9d6550da-3d8c-4a6a-bacb-eaa33be54e8d"
  referenceNo: "108"
  orderId: "d2c00a4e-2064-4649-83a8-73872f48cb72"
  Assets:CurrentAssets:AccountReceivable -7000.00 HKD
  type: "Invoice Payment"
  sourceId: "9d6550da-3d8c-4a6a-bacb-eaa33be54e8d"
  referenceNo: "108"
  orderId: "d2c00a4e-2064-4649-83a8-73872f48cb72"
  contact: "852 52468997 (MR.TSESUNNY) [14b1feaf-871e-48d3-91b4-ffac60dd3080]"
2022-12-08 * "998 12345689 (BEEGEMSCO.LIMITED) [f086b72b-16f2-4988-8d2c-43226241b70f]" "Bill Payment for Bill #281 #bab23e2f-fe25-4c1c-b9df-71ba9ad2f09f"
  Liabilities:CurrentLiabilities:AccountPayable 164228.37 HKD
  contact: "998 12345689 (BEEGEMSCO.LIMITED) [f086b72b-16f2-4988-8d2c-43226241b70f]"
  type: "Bill Payment"
  sourceId: "bab23e2f-fe25-4c1c-b9df-71ba9ad2f09f"
  referenceNo: "281"
  orderId: "24127b02-b550-4d61-a20b-6ae2f4624c68"
  Assets:CurrentAssets:Bank:BocSavingBank -164228.37 HKD
  type: "Bill Payment"
  sourceId: "bab23e2f-fe25-4c1c-b9df-71ba9ad2f09f"
  referenceNo: "281"
  orderId: "24127b02-b550-4d61-a20b-6ae2f4624c68"
2022-12-08 * "880 806 () [53b8789a-4451-4a1f-84f7-a9c5da7ada1a]" "Bill Payment for Bill #282 #f2fe628d-895a-4c41-8cf0-16cdfd6b2632"
  Liabilities:CurrentLiabilities:AccountPayable 55.00 HKD
  contact: "880 806 () [53b8789a-4451-4a1f-84f7-a9c5da7ada1a]"
  type: "Bill Payment"
  sourceId: "f2fe628d-895a-4c41-8cf0-16cdfd6b2632"
  referenceNo: "282"
  orderId: "6de0cfed-9a55-4672-80a5-a061e18fb997"
  Assets:CurrentAssets:Bank:BocSavingBank -55.00 HKD
  type: "Bill Payment"
  sourceId: "f2fe628d-895a-4c41-8cf0-16cdfd6b2632"
  referenceNo: "282"
  orderId: "6de0cfed-9a55-4672-80a5-a061e18fb997"
2022-12-08 * "998 12345821 (KPAY) [5a706f32-7edc-48d8-ae47-62fee1e8bba1]" "Bill Payment for Bill #285 #f566837d-9831-4a6b-8af1-7c2a63778563"
  Liabilities:CurrentLiabilities:AccountPayable 2551.00 HKD
  contact: "998 12345821 (KPAY) [5a706f32-7edc-48d8-ae47-62fee1e8bba1]"
  type: "Bill Payment"
  sourceId: "f566837d-9831-4a6b-8af1-7c2a63778563"
  referenceNo: "285"
  orderId: "5abc1c91-fa44-42e6-9684-106bd2ebb411"
  Assets:CurrentAssets:Bank:KpayBank -2551.00 HKD
  type: "Bill Payment"
  sourceId: "f566837d-9831-4a6b-8af1-7c2a63778563"
  referenceNo: "285"
  orderId: "5abc1c91-fa44-42e6-9684-106bd2ebb411"
2022-12-08 * "Bill #424 FACEBK *4K223K7ZM2"
  referenceNo: "424"
  orderId: "08a9d2ad-b31a-4e66-90e5-8b5686f2bfb2"
  type: "Bill"
  Expenses:GeneralExpense:AdvertisingAndBranding 7500.00 HKD
  qty: "1"
  description: "FACEBK *4K223K7ZM2"
  referenceNo: "424"
  orderId: "08a9d2ad-b31a-4e66-90e5-8b5686f2bfb2"
  type: "Bill Item"
  sourceId: "6077b2af-aab9-4266-9167-c3e71ccd152a"
  Liabilities:CurrentLiabilities:AccountPayable
  referenceNo: "424"
  orderId: "08a9d2ad-b31a-4e66-90e5-8b5686f2bfb2"
  type: "Bill"
  sourceId: "08a9d2ad-b31a-4e66-90e5-8b5686f2bfb2"
  contact: "880 806 () [53b8789a-4451-4a1f-84f7-a9c5da7ada1a]"
2022-12-08 * "Bill #436 OVERSEA TRANSACTION FEE"
  referenceNo: "436"
  orderId: "4eefa717-b248-488a-8d81-d807e444c77e"
  type: "Bill"
  Expenses:GeneralExpense:BankFeesExpense 60.00 HKD
  qty: "1"
  description: "OVERSEA TRANSACTION FEE"
  referenceNo: "436"
  orderId: "4eefa717-b248-488a-8d81-d807e444c77e"
  type: "Bill Item"
  sourceId: "6ee6faa6-bba8-49da-9e56-210ceec9f413"
  Liabilities:CurrentLiabilities:AccountPayable
  referenceNo: "436"
  orderId: "4eefa717-b248-488a-8d81-d807e444c77e"
  type: "Bill"
  sourceId: "4eefa717-b248-488a-8d81-d807e444c77e"
  contact: "998 12345835 (boc(bankofchina)) [82f385a7-d238-4826-9a12-e06648f93cdb]"
2022-12-08 * "880 806 () [53b8789a-4451-4a1f-84f7-a9c5da7ada1a]" "Bill Payment for Bill #424 #20ff7aa8-cc3f-4829-9c27-2e47e2a76d22"
  Liabilities:CurrentLiabilities:AccountPayable 7500.00 HKD
  contact: "880 806 () [53b8789a-4451-4a1f-84f7-a9c5da7ada1a]"
  type: "Bill Payment"
  sourceId: "20ff7aa8-cc3f-4829-9c27-2e47e2a76d22"
  referenceNo: "424"
  orderId: "08a9d2ad-b31a-4e66-90e5-8b5686f2bfb2"
  Assets:CurrentAssets:Bank:BocVisaCard-DavidBank -7500.00 HKD
  type: "Bill Payment"
  sourceId: "20ff7aa8-cc3f-4829-9c27-2e47e2a76d22"
  referenceNo: "424"
  orderId: "08a9d2ad-b31a-4e66-90e5-8b5686f2bfb2"
2022-12-08 * "998 12345835 (boc(bankofchina)) [82f385a7-d238-4826-9a12-e06648f93cdb]" "Bill Payment for Bill #436 #ea0bcd6a-5dd1-4a23-b54e-a859e7b52cf1"
  Liabilities:CurrentLiabilities:AccountPayable 60.00 HKD
  contact: "998 12345835 (boc(bankofchina)) [82f385a7-d238-4826-9a12-e06648f93cdb]"
  type: "Bill Payment"
  sourceId: "ea0bcd6a-5dd1-4a23-b54e-a859e7b52cf1"
  referenceNo: "436"
  orderId: "4eefa717-b248-488a-8d81-d807e444c77e"
  Assets:CurrentAssets:Bank:BocVisaCard-DavidBank -60.00 HKD
  type: "Bill Payment"
  sourceId: "ea0bcd6a-5dd1-4a23-b54e-a859e7b52cf1"
  referenceNo: "436"
  orderId: "4eefa717-b248-488a-8d81-d807e444c77e"
2022-12-09 * "Bill #393 kpay052"
  referenceNo: "393"
  orderId: "1a37e294-f3af-4000-9a88-a1e84c9d23ff"
  type: "Bill"
  Expenses:GeneralExpense:CardFeeExpense 625.75 HKD
  qty: "1"
  description: "KPAY FEE"
  referenceNo: "393"
  orderId: "1a37e294-f3af-4000-9a88-a1e84c9d23ff"
  type: "Bill Item"
  sourceId: "cad551a6-e8e2-401a-b933-2446cceb413f"
  Liabilities:CurrentLiabilities:AccountPayable
  referenceNo: "393"
  orderId: "1a37e294-f3af-4000-9a88-a1e84c9d23ff"
  type: "Bill"
  sourceId: "1a37e294-f3af-4000-9a88-a1e84c9d23ff"
  contact: "998 12345821 (KPAY) [5a706f32-7edc-48d8-ae47-62fee1e8bba1]"
2022-12-09 * "Bill #283 BANK FEE"
  referenceNo: "283"
  orderId: "bffa4b57-bab2-4612-95c3-ce15f7b9aef1"
  type: "Bill"
  Expenses:GeneralExpense:BankFeesExpense 105.00 HKD
  qty: "1"
  description: "BANK FEE"
  referenceNo: "283"
  orderId: "bffa4b57-bab2-4612-95c3-ce15f7b9aef1"
  type: "Bill Item"
  sourceId: "38658a37-8ac2-486f-b4e3-e63208023a0d"
  Liabilities:CurrentLiabilities:AccountPayable
  referenceNo: "283"
  orderId: "bffa4b57-bab2-4612-95c3-ce15f7b9aef1"
  type: "Bill"
  sourceId: "bffa4b57-bab2-4612-95c3-ce15f7b9aef1"
  contact: "880 806 () [53b8789a-4451-4a1f-84f7-a9c5da7ada1a]"
2022-12-09 * "Bill #284 EX00088 EPS 11月手續費"
  referenceNo: "284"
  orderId: "15862d92-a574-49d4-ae55-803412cf23e5"
  type: "Bill"
  Expenses:GeneralExpense:BankFeesExpense 410.00 HKD
  qty: "1"
  description: "EPS 11月手續費"
  referenceNo: "284"
  orderId: "15862d92-a574-49d4-ae55-803412cf23e5"
  type: "Bill Item"
  sourceId: "16491e00-2834-4455-9470-0ab918af5ffc"
  Liabilities:CurrentLiabilities:AccountPayable
  referenceNo: "284"
  orderId: "15862d92-a574-49d4-ae55-803412cf23e5"
  type: "Bill"
  sourceId: "15862d92-a574-49d4-ae55-803412cf23e5"
  contact: "880 806 () [53b8789a-4451-4a1f-84f7-a9c5da7ada1a]"
2022-12-09 * "880 806 () [53b8789a-4451-4a1f-84f7-a9c5da7ada1a]" "Bill Payment for Bill #283 #90d53a1b-8832-4831-b631-8f97834d1010"
  Liabilities:CurrentLiabilities:AccountPayable 105.00 HKD
  contact: "880 806 () [53b8789a-4451-4a1f-84f7-a9c5da7ada1a]"
  type: "Bill Payment"
  sourceId: "90d53a1b-8832-4831-b631-8f97834d1010"
  referenceNo: "283"
  orderId: "bffa4b57-bab2-4612-95c3-ce15f7b9aef1"
  Assets:CurrentAssets:Bank:BocSavingBank -105.00 HKD
  type: "Bill Payment"
  sourceId: "90d53a1b-8832-4831-b631-8f97834d1010"
  referenceNo: "283"
  orderId: "bffa4b57-bab2-4612-95c3-ce15f7b9aef1"
2022-12-09 * "880 806 () [53b8789a-4451-4a1f-84f7-a9c5da7ada1a]" "Bill Payment for Bill #284 #f576d18c-813a-4280-84d6-263cf1a299da"
  Liabilities:CurrentLiabilities:AccountPayable 410.00 HKD
  contact: "880 806 () [53b8789a-4451-4a1f-84f7-a9c5da7ada1a]"
  type: "Bill Payment"
  sourceId: "f576d18c-813a-4280-84d6-263cf1a299da"
  referenceNo: "284"
  orderId: "15862d92-a574-49d4-ae55-803412cf23e5"
  Assets:CurrentAssets:Bank:BocSavingBank -410.00 HKD
  type: "Bill Payment"
  sourceId: "f576d18c-813a-4280-84d6-263cf1a299da"
  referenceNo: "284"
  orderId: "15862d92-a574-49d4-ae55-803412cf23e5"
2022-12-10 * "Assets:CurrentAssets:Bank:BocSavingBank" "Invoice Payment for Invoice #111 #30d99ba8-61f0-4bdf-a8c2-7bd669dc9f18"
  Assets:CurrentAssets:Bank:BocSavingBank 24350.00 HKD
  type: "Invoice Payment"
  sourceId: "30d99ba8-61f0-4bdf-a8c2-7bd669dc9f18"
  referenceNo: "111"
  orderId: "2249781a-08f0-4bc9-9ee8-0a3ee5e4e978"
  Assets:CurrentAssets:AccountReceivable -24350.00 HKD
  type: "Invoice Payment"
  sourceId: "30d99ba8-61f0-4bdf-a8c2-7bd669dc9f18"
  referenceNo: "111"
  orderId: "2249781a-08f0-4bc9-9ee8-0a3ee5e4e978"
  contact: "852 64641108 (MR.HOEMO) [861bbeb2-155d-4c09-9165-e5b9f846228f]"
2022-12-13 * "Bill #323 NO SI, #159"
  referenceNo: "323"
  orderId: "f756a28b-701d-4224-b7b1-8c6754acae08"
  type: "Bill"
  Expenses:CostOfSales:Purchase:PurchaseItem:BuyCost-ProcessingFee 150.00 HKD
  category: "Other"
  sku: "Processing 022"
  qty: 1
  referenceNo: "323"
  orderId: "f756a28b-701d-4224-b7b1-8c6754acae08"
  type: "Bill Item"
  sourceId: "3e8bd526-0aa1-4627-aa77-07a1683bfb0c"
  Assets:CurrentAssets:ShopInventory:Jewelry -150.00 HKD
  category: "Other"
  sku: "Processing 022"
  qty: -1
  referenceNo: "323"
  orderId: "f756a28b-701d-4224-b7b1-8c6754acae08"
  type: "Bill Item"
  sourceId: "d2b0b162-0ab8-4eaa-a677-573fd6eca665"
  Assets:CurrentAssets:ShopInventory:NaturalDiamond -40876.00 HKD
  category: "Natural Diamond"
  sku: "DDFFFFFF0800007431451308"
  qty: -1
  referenceNo: "323"
  orderId: "f756a28b-701d-4224-b7b1-8c6754acae08"
  type: "Bill Item"
  sourceId: "02cad483-4fa4-49eb-9422-d67d2dec5872"
  Assets:CurrentAssets:ShopInventory:NaturalDiamond 41026.00 HKD
  category: "Natural Diamond"
  sku: "DDFFFFFF0800007431451308"
  qty: 1
  referenceNo: "323"
  orderId: "f756a28b-701d-4224-b7b1-8c6754acae08"
  type: "Bill Item"
  sourceId: "69b138ac-77e3-4a22-87bf-dab315b6dda3"
  Liabilities:CurrentLiabilities:AccountPayable
  referenceNo: "323"
  orderId: "f756a28b-701d-4224-b7b1-8c6754acae08"
  type: "Bill"
  sourceId: "f756a28b-701d-4224-b7b1-8c6754acae08"
  contact: "998 12345767 (SkyHighHoldingsGroupLtd) [efdca012-5d6e-4361-8ec7-f5566615d58a]"
2022-12-13 * "998 12345774 (VD) [a630ded6-776b-4380-8200-f2b72dd81269]" "Bill Payment for Bill #693 #b8c345a4-e1a3-4032-980f-7a2151774d7c"
  Liabilities:CurrentLiabilities:AccountPayable 235.00 USD
  contact: "998 12345774 (VD) [a630ded6-776b-4380-8200-f2b72dd81269]"
  type: "Bill Payment"
  sourceId: "b8c345a4-e1a3-4032-980f-7a2151774d7c"
  referenceNo: "693"
  orderId: "55975851-5351-4472-b098-38898d42b0d9"
  Liabilities:CurrentLiabilities:CurrentAccount:C-a-MilrichElectronicsHkCoLtd -235.00 USD
  type: "Bill Payment"
  sourceId: "b8c345a4-e1a3-4032-980f-7a2151774d7c"
  referenceNo: "693"
  orderId: "55975851-5351-4472-b098-38898d42b0d9"
2022-12-13 * "998 12345774 (VD) [a630ded6-776b-4380-8200-f2b72dd81269]" "Bill Payment for Bill #154 #787097a4-3e68-4d85-a880-d6eb873eecfc"
  Liabilities:CurrentLiabilities:AccountPayable 360.00 USD
  contact: "998 12345774 (VD) [a630ded6-776b-4380-8200-f2b72dd81269]"
  type: "Bill Payment"
  sourceId: "787097a4-3e68-4d85-a880-d6eb873eecfc"
  referenceNo: "154"
  orderId: "4085c603-3493-4541-8b3c-1feee9d8b2ce"
  Liabilities:CurrentLiabilities:CurrentAccount:C-a-MilrichElectronicsHkCoLtd -360.00 USD
  type: "Bill Payment"
  sourceId: "787097a4-3e68-4d85-a880-d6eb873eecfc"
  referenceNo: "154"
  orderId: "4085c603-3493-4541-8b3c-1feee9d8b2ce"
2022-12-14 * "Bill #441 OVERSEA TRANSACTION FEE"
  referenceNo: "441"
  orderId: "8ee63361-b85a-4b2f-9970-3b0bc19eecd1"
  type: "Bill"
  Expenses:GeneralExpense:BankFeesExpense 60.00 HKD
  qty: "1"
  description: "OVERSEA TRANSACTION FEE"
  referenceNo: "441"
  orderId: "8ee63361-b85a-4b2f-9970-3b0bc19eecd1"
  type: "Bill Item"
  sourceId: "61ed51d4-224a-41a2-a121-1f9b7e322609"
  Liabilities:CurrentLiabilities:AccountPayable
  referenceNo: "441"
  orderId: "8ee63361-b85a-4b2f-9970-3b0bc19eecd1"
  type: "Bill"
  sourceId: "8ee63361-b85a-4b2f-9970-3b0bc19eecd1"
  contact: "998 12345835 (boc(bankofchina)) [82f385a7-d238-4826-9a12-e06648f93cdb]"
2022-12-14 * "Bill #445 FACEBK *WFPY3LPZM2"
  referenceNo: "445"
  orderId: "d35cea71-4198-4e5e-9700-a3c8c478d9c3"
  type: "Bill"
  Expenses:GeneralExpense:AdvertisingAndBranding 7500.00 HKD
  qty: "1"
  description: "FACEBK *WFPY3LPZM2"
  referenceNo: "445"
  orderId: "d35cea71-4198-4e5e-9700-a3c8c478d9c3"
  type: "Bill Item"
  sourceId: "525cbb55-c268-41ca-9cba-090a52d83940"
  Liabilities:CurrentLiabilities:AccountPayable
  referenceNo: "445"
  orderId: "d35cea71-4198-4e5e-9700-a3c8c478d9c3"
  type: "Bill"
  sourceId: "d35cea71-4198-4e5e-9700-a3c8c478d9c3"
  contact: "880 806 () [53b8789a-4451-4a1f-84f7-a9c5da7ada1a]"
2022-12-14 * "880 806 () [53b8789a-4451-4a1f-84f7-a9c5da7ada1a]" "Bill Payment for Bill #445 #ef33ca31-3e14-4ba3-83ce-5fd983b75461"
  Liabilities:CurrentLiabilities:AccountPayable 7500.00 HKD
  contact: "880 806 () [53b8789a-4451-4a1f-84f7-a9c5da7ada1a]"
  type: "Bill Payment"
  sourceId: "ef33ca31-3e14-4ba3-83ce-5fd983b75461"
  referenceNo: "445"
  orderId: "d35cea71-4198-4e5e-9700-a3c8c478d9c3"
  Assets:CurrentAssets:Bank:BocVisaCard-DavidBank -7500.00 HKD
  type: "Bill Payment"
  sourceId: "ef33ca31-3e14-4ba3-83ce-5fd983b75461"
  referenceNo: "445"
  orderId: "d35cea71-4198-4e5e-9700-a3c8c478d9c3"
2022-12-14 * "998 12345835 (boc(bankofchina)) [82f385a7-d238-4826-9a12-e06648f93cdb]" "Bill Payment for Bill #441 #8c54e57a-d4f3-44aa-9677-63d504b81004"
  Liabilities:CurrentLiabilities:AccountPayable 60.00 HKD
  contact: "998 12345835 (boc(bankofchina)) [82f385a7-d238-4826-9a12-e06648f93cdb]"
  type: "Bill Payment"
  sourceId: "8c54e57a-d4f3-44aa-9677-63d504b81004"
  referenceNo: "441"
  orderId: "8ee63361-b85a-4b2f-9970-3b0bc19eecd1"
  Assets:CurrentAssets:Bank:BocVisaCard-DavidBank -60.00 HKD
  type: "Bill Payment"
  sourceId: "8c54e57a-d4f3-44aa-9677-63d504b81004"
  referenceNo: "441"
  orderId: "8ee63361-b85a-4b2f-9970-3b0bc19eecd1"
2022-12-15 * "Bill #425 FACEBK *95GV5L32N2"
  referenceNo: "425"
  orderId: "0d261912-cd9a-44b6-a927-e0daf0c92e20"
  type: "Bill"
  Expenses:GeneralExpense:AdvertisingAndBranding 595.01 HKD
  qty: "1"
  description: "FACEBK *95GV5L32N2"
  referenceNo: "425"
  orderId: "0d261912-cd9a-44b6-a927-e0daf0c92e20"
  type: "Bill Item"
  sourceId: "21a78db2-8e48-4f56-a943-a6dfcd11b348"
  Liabilities:CurrentLiabilities:AccountPayable
  referenceNo: "425"
  orderId: "0d261912-cd9a-44b6-a927-e0daf0c92e20"
  type: "Bill"
  sourceId: "0d261912-cd9a-44b6-a927-e0daf0c92e20"
  contact: "880 806 () [53b8789a-4451-4a1f-84f7-a9c5da7ada1a]"
2022-12-15 * "Bill #446 OVERSEA TRANSACTION FEE"
  referenceNo: "446"
  orderId: "9e6ce2c7-317c-4c73-9567-952a8e31ca70"
  type: "Bill"
  Expenses:GeneralExpense:BankFeesExpense 4.76 HKD
  qty: "1"
  description: "OVERSEA TRANSACTION FEE"
  referenceNo: "446"
  orderId: "9e6ce2c7-317c-4c73-9567-952a8e31ca70"
  type: "Bill Item"
  sourceId: "3e418c51-9790-4524-938a-7d30044c1936"
  Liabilities:CurrentLiabilities:AccountPayable
  referenceNo: "446"
  orderId: "9e6ce2c7-317c-4c73-9567-952a8e31ca70"
  type: "Bill"
  sourceId: "9e6ce2c7-317c-4c73-9567-952a8e31ca70"
  contact: "998 12345835 (boc(bankofchina)) [82f385a7-d238-4826-9a12-e06648f93cdb]"
2022-12-15 * "880 806 () [53b8789a-4451-4a1f-84f7-a9c5da7ada1a]" "Bill Payment for Bill #425 #cc8c10ac-a2c1-4aec-9f87-65e5a627d1a0"
  Liabilities:CurrentLiabilities:AccountPayable 595.01 HKD
  contact: "880 806 () [53b8789a-4451-4a1f-84f7-a9c5da7ada1a]"
  type: "Bill Payment"
  sourceId: "cc8c10ac-a2c1-4aec-9f87-65e5a627d1a0"
  referenceNo: "425"
  orderId: "0d261912-cd9a-44b6-a927-e0daf0c92e20"
  Assets:CurrentAssets:Bank:BocVisaCard-DavidBank -595.01 HKD
  type: "Bill Payment"
  sourceId: "cc8c10ac-a2c1-4aec-9f87-65e5a627d1a0"
  referenceNo: "425"
  orderId: "0d261912-cd9a-44b6-a927-e0daf0c92e20"
2022-12-15 * "998 12345835 (boc(bankofchina)) [82f385a7-d238-4826-9a12-e06648f93cdb]" "Bill Payment for Bill #446 #38bc0abb-5e52-4636-8b34-6598c79ac559"
  Liabilities:CurrentLiabilities:AccountPayable 4.76 HKD
  contact: "998 12345835 (boc(bankofchina)) [82f385a7-d238-4826-9a12-e06648f93cdb]"
  type: "Bill Payment"
  sourceId: "38bc0abb-5e52-4636-8b34-6598c79ac559"
  referenceNo: "446"
  orderId: "9e6ce2c7-317c-4c73-9567-952a8e31ca70"
  Assets:CurrentAssets:Bank:BocVisaCard-DavidBank -4.76 HKD
  type: "Bill Payment"
  sourceId: "38bc0abb-5e52-4636-8b34-6598c79ac559"
  referenceNo: "446"
  orderId: "9e6ce2c7-317c-4c73-9567-952a8e31ca70"
2022-12-16 * "Bill #550 SI-10325, #158"
  referenceNo: "550"
  orderId: "e52d185d-4296-4307-8c8b-c86c31f8a4b4"
  type: "Bill"
  Expenses:CostOfSales:Purchase:PurchaseItem:Buy18kJewelry 2063.00 HKD
  category: "Ring Setting"
  sku: "DDFFFFFF0B00000000000156"
  qty: 1
  referenceNo: "550"
  orderId: "e52d185d-4296-4307-8c8b-c86c31f8a4b4"
  type: "Bill Item"
  sourceId: "64196c94-cea9-4942-9163-653435631f8d"
  Liabilities:CurrentLiabilities:AccountPayable
  referenceNo: "550"
  orderId: "e52d185d-4296-4307-8c8b-c86c31f8a4b4"
  type: "Bill"
  sourceId: "e52d185d-4296-4307-8c8b-c86c31f8a4b4"
  contact: "998 12345767 (SkyHighHoldingsGroupLtd) [efdca012-5d6e-4361-8ec7-f5566615d58a]"
2022-12-16 * "Assets:CurrentAssets:Cash:CashInHand" "Invoice Payment for Invoice #106 #48c3b0e8-6aa1-4561-82e4-b253c4574293"
  Assets:CurrentAssets:Cash:CashInHand 200.00 HKD
  type: "Invoice Payment"
  sourceId: "48c3b0e8-6aa1-4561-82e4-b253c4574293"
  referenceNo: "106"
  orderId: "b782f128-1b53-4eb7-b8af-a18a457c8b62"
  Assets:CurrentAssets:AccountReceivable -200.00 HKD
  type: "Invoice Payment"
  sourceId: "48c3b0e8-6aa1-4561-82e4-b253c4574293"
  referenceNo: "106"
  orderId: "b782f128-1b53-4eb7-b8af-a18a457c8b62"
  contact: "852 60276419 (MR.WONGMATCH) [83ea2688-e643-4c48-9674-ef82ccf28843]"
2022-12-17 * "Invoice #118 INV-0160 MR. YIU"
  Income:Sales:SalesItem:Sell18kJewelry -54000.00 HKD
  category: "Jewelry"
  sku: "DDFFFFFF0500000000000067"
  qty: 1
  referenceNo: "118"
  orderId: "bcb6fb99-dd50-47d9-ab62-88116dbf09e5"
  type: "Invoice Item"
  sourceId: "7aa6ff89-8d5c-4fc5-b20f-f0955fe39823"
  Assets:CurrentAssets:AccountReceivable
  referenceNo: "118"
  orderId: "bcb6fb99-dd50-47d9-ab62-88116dbf09e5"
  type: "Invoice"
  sourceId: "bcb6fb99-dd50-47d9-ab62-88116dbf09e5"
  contact: "852 98200989 (85298200989) [468e6ff8-303f-40fd-9c40-3c058ee3c474]"
2022-12-17 * "Invoice #112 INV-0161"
  Income:Sales:SalesItem:SellDiamond -42600.00 HKD
  category: "Natural Diamond"
  sku: "DDFFFFFF0800007401575824"
  qty: 1
  referenceNo: "112"
  orderId: "8241c989-8dbf-4b04-a6d6-5c74ad435c84"
  type: "Invoice Item"
  sourceId: "b1d59920-901b-4767-9a6e-60496186aa99"
  Assets:CurrentAssets:AccountReceivable
  referenceNo: "112"
  orderId: "8241c989-8dbf-4b04-a6d6-5c74ad435c84"
  type: "Invoice"
  sourceId: "8241c989-8dbf-4b04-a6d6-5c74ad435c84"
  contact: "852 94475719 (MR.TRISTANREEVES) [316c43df-aea4-4295-aeb8-f416579ee6c3]"
2022-12-17 * "Bill #771 323電費(2022- 9 / 10 / 11 月)"
  referenceNo: "771"
  orderId: "17f1de6c-d5e6-4048-9ce9-1e063dfb4b68"
  type: "Bill"
  Expenses:GeneralExpense:ElectricityLightHeating 1171.00 HKD
  qty: "1"
  description: "323電費(2022-9月)"
  referenceNo: "771"
  orderId: "17f1de6c-d5e6-4048-9ce9-1e063dfb4b68"
  type: "Bill Item"
  sourceId: "f75ba191-b6ed-4fe7-a0d6-411ad737058b"
  Expenses:GeneralExpense:ElectricityLightHeating 859.00 HKD
  qty: "1"
  description: "323電費(2022- 10月)"
  referenceNo: "771"
  orderId: "17f1de6c-d5e6-4048-9ce9-1e063dfb4b68"
  type: "Bill Item"
  sourceId: "f5603952-6387-4e4b-8bfa-4b0b10a4e216"
  Expenses:GeneralExpense:ElectricityLightHeating 647.00 HKD
  qty: "1"
  description: "323電費(2022- 11月)"
  referenceNo: "771"
  orderId: "17f1de6c-d5e6-4048-9ce9-1e063dfb4b68"
  type: "Bill Item"
  sourceId: "1b123647-8eeb-4424-9029-a3c0ab259098"
  Liabilities:CurrentLiabilities:AccountPayable
  referenceNo: "771"
  orderId: "17f1de6c-d5e6-4048-9ce9-1e063dfb4b68"
  type: "Bill"
  sourceId: "17f1de6c-d5e6-4048-9ce9-1e063dfb4b68"
  contact: "880 806 () [53b8789a-4451-4a1f-84f7-a9c5da7ada1a]"
2022-12-17 * "Assets:CurrentAssets:Bank:KpayBank" "Invoice Payment for Invoice #118 #354e771e-704a-46e2-82dc-d4654f6ce433"
  Assets:CurrentAssets:Bank:KpayBank 54000.00 HKD
  type: "Invoice Payment"
  sourceId: "354e771e-704a-46e2-82dc-d4654f6ce433"
  referenceNo: "118"
  orderId: "bcb6fb99-dd50-47d9-ab62-88116dbf09e5"
  Assets:CurrentAssets:AccountReceivable -54000.00 HKD
  type: "Invoice Payment"
  sourceId: "354e771e-704a-46e2-82dc-d4654f6ce433"
  referenceNo: "118"
  orderId: "bcb6fb99-dd50-47d9-ab62-88116dbf09e5"
  contact: "852 98200989 (85298200989) [468e6ff8-303f-40fd-9c40-3c058ee3c474]"
2022-12-17 * "Assets:CurrentAssets:Bank:KpayBank" "Invoice Payment for Invoice #112 #6d3f5b0e-73f2-4fe5-9b0f-4d5e648e7154"
  Assets:CurrentAssets:Bank:KpayBank 42600.00 HKD
  type: "Invoice Payment"
  sourceId: "6d3f5b0e-73f2-4fe5-9b0f-4d5e648e7154"
  referenceNo: "112"
  orderId: "8241c989-8dbf-4b04-a6d6-5c74ad435c84"
  Assets:CurrentAssets:AccountReceivable -42600.00 HKD
  type: "Invoice Payment"
  sourceId: "6d3f5b0e-73f2-4fe5-9b0f-4d5e648e7154"
  referenceNo: "112"
  orderId: "8241c989-8dbf-4b04-a6d6-5c74ad435c84"
  contact: "852 94475719 (MR.TRISTANREEVES) [316c43df-aea4-4295-aeb8-f416579ee6c3]"
2022-12-17 * "880 806 () [53b8789a-4451-4a1f-84f7-a9c5da7ada1a]" "Bill Payment for Bill #771 #19f3c865-3695-4138-a607-67e45cc44273"
  Liabilities:CurrentLiabilities:AccountPayable 2677.00 HKD
  contact: "880 806 () [53b8789a-4451-4a1f-84f7-a9c5da7ada1a]"
  type: "Bill Payment"
  sourceId: "19f3c865-3695-4138-a607-67e45cc44273"
  referenceNo: "771"
  orderId: "17f1de6c-d5e6-4048-9ce9-1e063dfb4b68"
  Liabilities:CurrentLiabilities:CurrentAccount:C-a-MilrichElectronicsHkCoLtd -2677.00 HKD
  type: "Bill Payment"
  sourceId: "19f3c865-3695-4138-a607-67e45cc44273"
  referenceNo: "771"
  orderId: "17f1de6c-d5e6-4048-9ce9-1e063dfb4b68"
2022-12-17 * "998 12345821 (KPAY) [5a706f32-7edc-48d8-ae47-62fee1e8bba1]" "Bill Payment for Bill #359 #ce924179-7dd8-4a4b-8e75-b9fc45f35793"
  Liabilities:CurrentLiabilities:AccountPayable 1450.00 HKD
  contact: "998 12345821 (KPAY) [5a706f32-7edc-48d8-ae47-62fee1e8bba1]"
  type: "Bill Payment"
  sourceId: "ce924179-7dd8-4a4b-8e75-b9fc45f35793"
  referenceNo: "359"
  orderId: "335cd59e-1878-470e-9279-c115bb744bb1"
  Assets:CurrentAssets:Bank:KpayBank -1450.00 HKD
  type: "Bill Payment"
  sourceId: "ce924179-7dd8-4a4b-8e75-b9fc45f35793"
  referenceNo: "359"
  orderId: "335cd59e-1878-470e-9279-c115bb744bb1"
2022-12-19 * "Invoice #113 INV-0162 MR.WONG"
  Income:Sales:SalesItem:Sell18kJewelry -3000.00 HKD
  category: "Ring Setting"
  sku: "DDFFFFFF0B00000000000157"
  qty: 1
  referenceNo: "113"
  orderId: "e4a3e9f4-aae0-47cd-8394-ac1136ed0bd6"
  type: "Invoice Item"
  sourceId: "dcdee0ca-3813-43b1-993e-6876062ba913"
  Assets:CurrentAssets:AccountReceivable
  referenceNo: "113"
  orderId: "e4a3e9f4-aae0-47cd-8394-ac1136ed0bd6"
  type: "Invoice"
  sourceId: "e4a3e9f4-aae0-47cd-8394-ac1136ed0bd6"
  contact: "852 64411254 (MR.WONG) [e1d0e9f7-aa52-4f62-b606-cfff7d492104]"
2022-12-19 * "Assets:CurrentAssets:Bank:KpayBank" "Invoice Payment for Invoice #113 #0691b55a-73d5-4fa5-aaa5-0195ea216e1a"
  Assets:CurrentAssets:Bank:KpayBank 3000.00 HKD
  type: "Invoice Payment"
  sourceId: "0691b55a-73d5-4fa5-aaa5-0195ea216e1a"
  referenceNo: "113"
  orderId: "e4a3e9f4-aae0-47cd-8394-ac1136ed0bd6"
  Assets:CurrentAssets:AccountReceivable -3000.00 HKD
  type: "Invoice Payment"
  sourceId: "0691b55a-73d5-4fa5-aaa5-0195ea216e1a"
  referenceNo: "113"
  orderId: "e4a3e9f4-aae0-47cd-8394-ac1136ed0bd6"
  contact: "852 64411254 (MR.WONG) [e1d0e9f7-aa52-4f62-b606-cfff7d492104]"
2022-12-19 * "Assets:CurrentAssets:Cash:CashInHand" "Invoice Payment for Invoice #171 #7c8cbe58-44d1-485f-b33e-f5125e19ffab"
  Assets:CurrentAssets:Cash:CashInHand 2204.00 HKD
  type: "Invoice Payment"
  sourceId: "7c8cbe58-44d1-485f-b33e-f5125e19ffab"
  referenceNo: "171"
  orderId: "d18adcc6-3ea6-4416-9b77-bbabe807fe8c"
  Assets:CurrentAssets:AccountReceivable -2204.00 HKD
  type: "Invoice Payment"
  sourceId: "7c8cbe58-44d1-485f-b33e-f5125e19ffab"
  referenceNo: "171"
  orderId: "d18adcc6-3ea6-4416-9b77-bbabe807fe8c"
  contact: "852 69003855 (MR.LAWROY) [1431d21e-93de-4440-bcef-f0c63afe43ff]"
2022-12-19 * "998 12345821 (KPAY) [5a706f32-7edc-48d8-ae47-62fee1e8bba1]" "Bill Payment for Bill #369 #539514df-4bec-422d-ad88-f683d0ac7c79"
  Liabilities:CurrentLiabilities:AccountPayable 46.00 HKD
  contact: "998 12345821 (KPAY) [5a706f32-7edc-48d8-ae47-62fee1e8bba1]"
  type: "Bill Payment"
  sourceId: "539514df-4bec-422d-ad88-f683d0ac7c79"
  referenceNo: "369"
  orderId: "26b70d3a-20ec-4e7a-aeff-f750b2498147"
  Assets:CurrentAssets:Bank:KpayBank -46.00 HKD
  type: "Bill Payment"
  sourceId: "539514df-4bec-422d-ad88-f683d0ac7c79"
  referenceNo: "369"
  orderId: "26b70d3a-20ec-4e7a-aeff-f750b2498147"
2022-12-20 * "Invoice #24 INV-0163 MR. IP"
  Income:Sales:SalesItem:SellDiamond -0.00 HKD
  category: "Natural Diamond"
  sku: "DDFFFFFF0800005393501552"
  qty: 1
  referenceNo: "24"
  orderId: "39500486-cb34-4db1-9a95-f1c6d782a8cb"
  type: "Invoice Item"
  sourceId: "dc1707ab-03f0-43b1-9a1c-be33db001c7d"
  Income:Sales:SalesItem:Sell18kJewelry -9990.00 HKD
  category: "Ring Setting"
  sku: "DDFFFFFF0B00000000000051"
  qty: 1
  referenceNo: "24"
  orderId: "39500486-cb34-4db1-9a95-f1c6d782a8cb"
  type: "Invoice Item"
  sourceId: "8c66563f-0b2c-4982-ae2b-fd56bd07b26b"
  Assets:CurrentAssets:AccountReceivable
  referenceNo: "24"
  orderId: "39500486-cb34-4db1-9a95-f1c6d782a8cb"
  type: "Invoice"
  sourceId: "39500486-cb34-4db1-9a95-f1c6d782a8cb"
  contact: "852 53495050 (MR.IP) [80e4d9eb-e851-4b10-9744-feda0e049024]"
2022-12-20 * "Bill #588 SI-10327"
  referenceNo: "588"
  orderId: "a4c48b74-bde9-48dc-920b-2acb1348d951"
  type: "Bill"
  Expenses:CostOfSales:Purchase:PurchaseItem:BuyCost-ProcessingFee 500.00 HKD
  category: "Other"
  sku: "Processing 023"
  qty: 1
  referenceNo: "588"
  orderId: "a4c48b74-bde9-48dc-920b-2acb1348d951"
  type: "Bill Item"
  sourceId: "50f3ec13-0703-47e5-be6a-f62651b55d77"
  Liabilities:CurrentLiabilities:AccountPayable
  referenceNo: "588"
  orderId: "a4c48b74-bde9-48dc-920b-2acb1348d951"
  type: "Bill"
  sourceId: "a4c48b74-bde9-48dc-920b-2acb1348d951"
  contact: "998 12345767 (SkyHighHoldingsGroupLtd) [efdca012-5d6e-4361-8ec7-f5566615d58a]"
2022-12-20 * "Bill #359 kpay054"
  referenceNo: "359"
  orderId: "335cd59e-1878-470e-9279-c115bb744bb1"
  type: "Bill"
  Expenses:GeneralExpense:CardFeeExpense 1450.00 HKD
  qty: "1"
  description: "KPAY FEE"
  referenceNo: "359"
  orderId: "335cd59e-1878-470e-9279-c115bb744bb1"
  type: "Bill Item"
  sourceId: "3a5a7234-fdc3-4985-989f-0cdaa631b925"
  Liabilities:CurrentLiabilities:AccountPayable
  referenceNo: "359"
  orderId: "335cd59e-1878-470e-9279-c115bb744bb1"
  type: "Bill"
  sourceId: "335cd59e-1878-470e-9279-c115bb744bb1"
  contact: "998 12345821 (KPAY) [5a706f32-7edc-48d8-ae47-62fee1e8bba1]"
2022-12-20 * "Bill #381 kpay056"
  referenceNo: "381"
  orderId: "8a50dd67-88db-4df6-a8da-6d2dcc9b9dee"
  type: "Bill"
  Expenses:GeneralExpense:CardFeeExpense 150.85 HKD
  qty: "1"
  description: "KPAY FEE"
  referenceNo: "381"
  orderId: "8a50dd67-88db-4df6-a8da-6d2dcc9b9dee"
  type: "Bill Item"
  sourceId: "1c3d93a3-d05d-4b28-922b-8e1bf6d382f8"
  Liabilities:CurrentLiabilities:AccountPayable
  referenceNo: "381"
  orderId: "8a50dd67-88db-4df6-a8da-6d2dcc9b9dee"
  type: "Bill"
  sourceId: "8a50dd67-88db-4df6-a8da-6d2dcc9b9dee"
  contact: "998 12345821 (KPAY) [5a706f32-7edc-48d8-ae47-62fee1e8bba1]"
2022-12-20 * "Bill #287 INV#RSSHK22722-23 #0161 GIA PURCHASE"
  referenceNo: "287"
  orderId: "9c11225c-39fc-4e47-b200-2441f6007710"
  type: "Bill"
  Expenses:CostOfSales:Purchase:PurchaseItem:BuyDiamond 32818.28 HKD
  category: "Natural Diamond"
  sku: "DDFFFFFF0800007401575824"
  qty: 1
  referenceNo: "287"
  orderId: "9c11225c-39fc-4e47-b200-2441f6007710"
  type: "Bill Item"
  sourceId: "85fc3fc6-7e06-4e6d-b5e2-1ba3c3104f86"
  Liabilities:CurrentLiabilities:AccountPayable
  referenceNo: "287"
  orderId: "9c11225c-39fc-4e47-b200-2441f6007710"
  type: "Bill"
  sourceId: "9c11225c-39fc-4e47-b200-2441f6007710"
  contact: "998 12345749 (Rstar-R-STAR(TONY)) [e7828e4e-ab43-4da4-b0ee-6eac017a9607]"
2022-12-20 * "Assets:CurrentAssets:Bank:KpayBank" "Invoice Payment for Invoice #24 #d1f95b2b-da01-485f-9493-4571cff5a8be"
  Assets:CurrentAssets:Bank:KpayBank 9990.00 HKD
  type: "Invoice Payment"
  sourceId: "d1f95b2b-da01-485f-9493-4571cff5a8be"
  referenceNo: "24"
  orderId: "39500486-cb34-4db1-9a95-f1c6d782a8cb"
  Assets:CurrentAssets:AccountReceivable -9990.00 HKD
  type: "Invoice Payment"
  sourceId: "d1f95b2b-da01-485f-9493-4571cff5a8be"
  referenceNo: "24"
  orderId: "39500486-cb34-4db1-9a95-f1c6d782a8cb"
  contact: "852 53495050 (MR.IP) [80e4d9eb-e851-4b10-9744-feda0e049024]"
2022-12-20 * "998 12345821 (KPAY) [5a706f32-7edc-48d8-ae47-62fee1e8bba1]" "Bill Payment for Bill #381 #060e517b-f0ce-4937-b152-ec57ff0f9e9c"
  Liabilities:CurrentLiabilities:AccountPayable 150.85 HKD
  contact: "998 12345821 (KPAY) [5a706f32-7edc-48d8-ae47-62fee1e8bba1]"
  type: "Bill Payment"
  sourceId: "060e517b-f0ce-4937-b152-ec57ff0f9e9c"
  referenceNo: "381"
  orderId: "8a50dd67-88db-4df6-a8da-6d2dcc9b9dee"
  Assets:CurrentAssets:Bank:KpayBank -150.85 HKD
  type: "Bill Payment"
  sourceId: "060e517b-f0ce-4937-b152-ec57ff0f9e9c"
  referenceNo: "381"
  orderId: "8a50dd67-88db-4df6-a8da-6d2dcc9b9dee"
2022-12-20 * "998 12345749 (Rstar-R-STAR(TONY)) [e7828e4e-ab43-4da4-b0ee-6eac017a9607]" "Bill Payment for Bill #287 #e978aa89-dfeb-4f41-9a39-b42ba2c02161"
  Liabilities:CurrentLiabilities:AccountPayable 32818.28 HKD
  contact: "998 12345749 (Rstar-R-STAR(TONY)) [e7828e4e-ab43-4da4-b0ee-6eac017a9607]"
  type: "Bill Payment"
  sourceId: "e978aa89-dfeb-4f41-9a39-b42ba2c02161"
  referenceNo: "287"
  orderId: "9c11225c-39fc-4e47-b200-2441f6007710"
  Assets:CurrentAssets:Cash:CashInHand -32818.28 HKD
  type: "Bill Payment"
  sourceId: "e978aa89-dfeb-4f41-9a39-b42ba2c02161"
  referenceNo: "287"
  orderId: "9c11225c-39fc-4e47-b200-2441f6007710"
2022-12-20 * "Bill #423 FACEBK *PMPUALFZM2"
  referenceNo: "423"
  orderId: "566b2f11-65da-4cc7-9050-e569d1514905"
  type: "Bill"
  Expenses:GeneralExpense:AdvertisingAndBranding 7500.00 HKD
  qty: "1"
  description: "FACEBK *PMPUALFZM2"
  referenceNo: "423"
  orderId: "566b2f11-65da-4cc7-9050-e569d1514905"
  type: "Bill Item"
  sourceId: "26e1aaff-7ba0-400a-8585-88f1bcd18c0f"
  Liabilities:CurrentLiabilities:AccountPayable
  referenceNo: "423"
  orderId: "566b2f11-65da-4cc7-9050-e569d1514905"
  type: "Bill"
  sourceId: "566b2f11-65da-4cc7-9050-e569d1514905"
  contact: "880 806 () [53b8789a-4451-4a1f-84f7-a9c5da7ada1a]"
2022-12-20 * "Bill #447 OVERSEA TRANSACTION FEE"
  referenceNo: "447"
  orderId: "93d32ea3-f2ef-4fd8-8fa1-8fd378028191"
  type: "Bill"
  Expenses:GeneralExpense:BankFeesExpense 60.00 HKD
  qty: "1"
  description: "OVERSEA TRANSACTION FEE"
  referenceNo: "447"
  orderId: "93d32ea3-f2ef-4fd8-8fa1-8fd378028191"
  type: "Bill Item"
  sourceId: "b5f69cdc-070f-4e5b-81c2-096b99cefea7"
  Liabilities:CurrentLiabilities:AccountPayable
  referenceNo: "447"
  orderId: "93d32ea3-f2ef-4fd8-8fa1-8fd378028191"
  type: "Bill"
  sourceId: "93d32ea3-f2ef-4fd8-8fa1-8fd378028191"
  contact: "998 12345835 (boc(bankofchina)) [82f385a7-d238-4826-9a12-e06648f93cdb]"
2022-12-20 * "880 806 () [53b8789a-4451-4a1f-84f7-a9c5da7ada1a]" "Bill Payment for Bill #423 #2bc8c5bf-91ab-42a4-8520-3eec1871f304"
  Liabilities:CurrentLiabilities:AccountPayable 7500.00 HKD
  contact: "880 806 () [53b8789a-4451-4a1f-84f7-a9c5da7ada1a]"
  type: "Bill Payment"
  sourceId: "2bc8c5bf-91ab-42a4-8520-3eec1871f304"
  referenceNo: "423"
  orderId: "566b2f11-65da-4cc7-9050-e569d1514905"
  Assets:CurrentAssets:Bank:BocVisaCard-DavidBank -7500.00 HKD
  type: "Bill Payment"
  sourceId: "2bc8c5bf-91ab-42a4-8520-3eec1871f304"
  referenceNo: "423"
  orderId: "566b2f11-65da-4cc7-9050-e569d1514905"
2022-12-20 * "998 12345835 (boc(bankofchina)) [82f385a7-d238-4826-9a12-e06648f93cdb]" "Bill Payment for Bill #447 #3e809999-d9d3-4896-8391-7037c62aed21"
  Liabilities:CurrentLiabilities:AccountPayable 60.00 HKD
  contact: "998 12345835 (boc(bankofchina)) [82f385a7-d238-4826-9a12-e06648f93cdb]"
  type: "Bill Payment"
  sourceId: "3e809999-d9d3-4896-8391-7037c62aed21"
  referenceNo: "447"
  orderId: "93d32ea3-f2ef-4fd8-8fa1-8fd378028191"
  Assets:CurrentAssets:Bank:BocVisaCard-DavidBank -60.00 HKD
  type: "Bill Payment"
  sourceId: "3e809999-d9d3-4896-8391-7037c62aed21"
  referenceNo: "447"
  orderId: "93d32ea3-f2ef-4fd8-8fa1-8fd378028191"
2022-12-21 * "Bill #369 kpay055"
  referenceNo: "369"
  orderId: "26b70d3a-20ec-4e7a-aeff-f750b2498147"
  type: "Bill"
  Expenses:GeneralExpense:CardFeeExpense 46.00 HKD
  qty: "1"
  description: "KPAY FEE"
  referenceNo: "369"
  orderId: "26b70d3a-20ec-4e7a-aeff-f750b2498147"
  type: "Bill Item"
  sourceId: "a3f8aced-025b-4134-969b-cbd5eccf7f0e"
  Liabilities:CurrentLiabilities:AccountPayable
  referenceNo: "369"
  orderId: "26b70d3a-20ec-4e7a-aeff-f750b2498147"
  type: "Bill"
  sourceId: "26b70d3a-20ec-4e7a-aeff-f750b2498147"
  contact: "998 12345821 (KPAY) [5a706f32-7edc-48d8-ae47-62fee1e8bba1]"
2022-12-23 * "Bill #628 SI-10341, #164"
  referenceNo: "628"
  orderId: "8151ee68-3a50-43bc-8a37-4c1b7405dc2f"
  type: "Bill"
  Expenses:CostOfSales:Purchase:PurchaseItem:BuyCost-ProcessingFee 350.00 HKD
  category: "Other"
  sku: "Processing 024"
  qty: 1
  referenceNo: "628"
  orderId: "8151ee68-3a50-43bc-8a37-4c1b7405dc2f"
  type: "Bill Item"
  sourceId: "57b6ddc8-b4a7-4a13-9f81-8b1f03d28118"
  Assets:CurrentAssets:ShopInventory:Jewelry -350.00 HKD
  category: "Other"
  sku: "Processing 024"
  qty: -1
  referenceNo: "628"
  orderId: "8151ee68-3a50-43bc-8a37-4c1b7405dc2f"
  type: "Bill Item"
  sourceId: "229ac188-898d-4c30-b41a-d6155a7e1f1b"
  Assets:CurrentAssets:ShopInventory:Jewelry -1891.00 HKD
  category: "Ring Setting"
  sku: "DDFFFFFF0B00000000000153"
  qty: -1
  referenceNo: "628"
  orderId: "8151ee68-3a50-43bc-8a37-4c1b7405dc2f"
  type: "Bill Item"
  sourceId: "14d0883e-3747-4f14-9bb4-d720923c446b"
  Assets:CurrentAssets:ShopInventory:Jewelry 2241.00 HKD
  category: "Ring Setting"
  sku: "DDFFFFFF0B00000000000153"
  qty: 1
  referenceNo: "628"
  orderId: "8151ee68-3a50-43bc-8a37-4c1b7405dc2f"
  type: "Bill Item"
  sourceId: "4c59507e-dbe4-4ac4-9e14-478889f89451"
  Liabilities:CurrentLiabilities:AccountPayable
  referenceNo: "628"
  orderId: "8151ee68-3a50-43bc-8a37-4c1b7405dc2f"
  type: "Bill"
  sourceId: "8151ee68-3a50-43bc-8a37-4c1b7405dc2f"
  contact: "998 12345767 (SkyHighHoldingsGroupLtd) [efdca012-5d6e-4361-8ec7-f5566615d58a]"
2022-12-23 * "998 12345740 (PRESSUREWORKDESIGNCONSULTANTS) [205398a5-a6c5-4a09-938a-7308f6334f41]" "Bill Payment for Bill #654 #06191db3-3a03-4643-bbc2-d57fb77568c8"
  Liabilities:CurrentLiabilities:AccountPayable 3800.00 HKD
  contact: "998 12345740 (PRESSUREWORKDESIGNCONSULTANTS) [205398a5-a6c5-4a09-938a-7308f6334f41]"
  type: "Bill Payment"
  sourceId: "06191db3-3a03-4643-bbc2-d57fb77568c8"
  referenceNo: "654"
  orderId: "b2fcbc51-348d-4927-8bcd-bd8d2c8ea1d6"
  Assets:CurrentAssets:Cash:CashInHand -3800.00 HKD
  type: "Bill Payment"
  sourceId: "06191db3-3a03-4643-bbc2-d57fb77568c8"
  referenceNo: "654"
  orderId: "b2fcbc51-348d-4927-8bcd-bd8d2c8ea1d6"
2022-12-27 * "998 12345767 (SkyHighHoldingsGroupLtd) [efdca012-5d6e-4361-8ec7-f5566615d58a]" "Bill Payment for Bill #324 #62fc7bd2-651a-436f-8ee1-371d5eb1ccf8"
  Liabilities:CurrentLiabilities:AccountPayable 2204.00 HKD
  contact: "998 12345767 (SkyHighHoldingsGroupLtd) [efdca012-5d6e-4361-8ec7-f5566615d58a]"
  type: "Bill Payment"
  sourceId: "62fc7bd2-651a-436f-8ee1-371d5eb1ccf8"
  referenceNo: "324"
  orderId: "3b0a6aeb-9551-43c0-a4bd-1fd67513910c"
  Assets:CurrentAssets:TradeDeposit:TradeDeposit-SkyhighHoldingsGroupLtd -2204.00 HKD
  type: "Bill Payment"
  sourceId: "62fc7bd2-651a-436f-8ee1-371d5eb1ccf8"
  referenceNo: "324"
  orderId: "3b0a6aeb-9551-43c0-a4bd-1fd67513910c"
2022-12-28 * "Bill #310 kpay057"
  referenceNo: "310"
  orderId: "f158b5d7-6915-4e9f-8b68-92c5f7c65497"
  type: "Bill"
  Expenses:GeneralExpense:CardFeeExpense 520.75 HKD
  qty: "1"
  description: "KPAY FEE"
  referenceNo: "310"
  orderId: "f158b5d7-6915-4e9f-8b68-92c5f7c65497"
  type: "Bill Item"
  sourceId: "b41cdc1d-f2eb-4d6b-baef-383030a67ddd"
  Liabilities:CurrentLiabilities:AccountPayable
  referenceNo: "310"
  orderId: "f158b5d7-6915-4e9f-8b68-92c5f7c65497"
  type: "Bill"
  sourceId: "f158b5d7-6915-4e9f-8b68-92c5f7c65497"
  contact: "998 12345821 (KPAY) [5a706f32-7edc-48d8-ae47-62fee1e8bba1]"
2022-12-28 * "Assets:CurrentAssets:Bank:KpayBank" "Invoice Payment for Invoice #105 #eee77687-c754-4ca2-b81f-e7c31b213efe"
  Assets:CurrentAssets:Bank:KpayBank 34650.00 HKD
  type: "Invoice Payment"
  sourceId: "eee77687-c754-4ca2-b81f-e7c31b213efe"
  referenceNo: "105"
  orderId: "a02f59c5-bb79-4838-a252-c706655f402e"
  Assets:CurrentAssets:AccountReceivable -34650.00 HKD
  type: "Invoice Payment"
  sourceId: "eee77687-c754-4ca2-b81f-e7c31b213efe"
  referenceNo: "105"
  orderId: "a02f59c5-bb79-4838-a252-c706655f402e"
  contact: "852 93841438 (MR.TANG) [7ba3b134-36ae-436f-ae6c-5e9e634ba25b]"
2022-12-28 * "998 12345821 (KPAY) [5a706f32-7edc-48d8-ae47-62fee1e8bba1]" "Bill Payment for Bill #310 #e433fb89-1f52-4dfd-9da9-0763d24a9597"
  Liabilities:CurrentLiabilities:AccountPayable 520.75 HKD
  contact: "998 12345821 (KPAY) [5a706f32-7edc-48d8-ae47-62fee1e8bba1]"
  type: "Bill Payment"
  sourceId: "e433fb89-1f52-4dfd-9da9-0763d24a9597"
  referenceNo: "310"
  orderId: "f158b5d7-6915-4e9f-8b68-92c5f7c65497"
  Assets:CurrentAssets:Bank:KpayBank -520.75 HKD
  type: "Bill Payment"
  sourceId: "e433fb89-1f52-4dfd-9da9-0763d24a9597"
  referenceNo: "310"
  orderId: "f158b5d7-6915-4e9f-8b68-92c5f7c65497"
2022-12-28 * "Bill #426 FACEBK *YTY3JMXZM2"
  referenceNo: "426"
  orderId: "6e84806e-fa46-49bf-9073-0045dfaaf84c"
  type: "Bill"
  Expenses:GeneralExpense:AdvertisingAndBranding 7500.00 HKD
  qty: "1"
  description: "FACEBK *YTY3JMXZM2"
  referenceNo: "426"
  orderId: "6e84806e-fa46-49bf-9073-0045dfaaf84c"
  type: "Bill Item"
  sourceId: "e562e855-522a-4671-8f08-acf0d99fd803"
  Liabilities:CurrentLiabilities:AccountPayable
  referenceNo: "426"
  orderId: "6e84806e-fa46-49bf-9073-0045dfaaf84c"
  type: "Bill"
  sourceId: "6e84806e-fa46-49bf-9073-0045dfaaf84c"
  contact: "880 806 () [53b8789a-4451-4a1f-84f7-a9c5da7ada1a]"
2022-12-28 * "Bill #390 OVERSEA TRANSACTION FEE"
  referenceNo: "390"
  orderId: "2f0ed7eb-0b41-4db7-bd0d-824b5c030b9d"
  type: "Bill"
  Expenses:GeneralExpense:BankFeesExpense 60.00 HKD
  qty: "1"
  description: "OVERSEA TRANSACTION FEE"
  referenceNo: "390"
  orderId: "2f0ed7eb-0b41-4db7-bd0d-824b5c030b9d"
  type: "Bill Item"
  sourceId: "c016e9c1-bcac-494d-9b93-5bdcb66d9000"
  Liabilities:CurrentLiabilities:AccountPayable
  referenceNo: "390"
  orderId: "2f0ed7eb-0b41-4db7-bd0d-824b5c030b9d"
  type: "Bill"
  sourceId: "2f0ed7eb-0b41-4db7-bd0d-824b5c030b9d"
  contact: "998 12345835 (boc(bankofchina)) [82f385a7-d238-4826-9a12-e06648f93cdb]"
2022-12-28 * "880 806 () [53b8789a-4451-4a1f-84f7-a9c5da7ada1a]" "Bill Payment for Bill #426 #99c3eae4-9c5f-4a0b-a0a1-d9784fc539ac"
  Liabilities:CurrentLiabilities:AccountPayable 7500.00 HKD
  contact: "880 806 () [53b8789a-4451-4a1f-84f7-a9c5da7ada1a]"
  type: "Bill Payment"
  sourceId: "99c3eae4-9c5f-4a0b-a0a1-d9784fc539ac"
  referenceNo: "426"
  orderId: "6e84806e-fa46-49bf-9073-0045dfaaf84c"
  Assets:CurrentAssets:Bank:BocVisaCard-DavidBank -7500.00 HKD
  type: "Bill Payment"
  sourceId: "99c3eae4-9c5f-4a0b-a0a1-d9784fc539ac"
  referenceNo: "426"
  orderId: "6e84806e-fa46-49bf-9073-0045dfaaf84c"
2022-12-28 * "998 12345835 (boc(bankofchina)) [82f385a7-d238-4826-9a12-e06648f93cdb]" "Bill Payment for Bill #390 #d106f480-09f4-40cd-8996-95d214ea0f9b"
  Liabilities:CurrentLiabilities:AccountPayable 60.00 HKD
  contact: "998 12345835 (boc(bankofchina)) [82f385a7-d238-4826-9a12-e06648f93cdb]"
  type: "Bill Payment"
  sourceId: "d106f480-09f4-40cd-8996-95d214ea0f9b"
  referenceNo: "390"
  orderId: "2f0ed7eb-0b41-4db7-bd0d-824b5c030b9d"
  Assets:CurrentAssets:Bank:BocVisaCard-DavidBank -60.00 HKD
  type: "Bill Payment"
  sourceId: "d106f480-09f4-40cd-8996-95d214ea0f9b"
  referenceNo: "390"
  orderId: "2f0ed7eb-0b41-4db7-bd0d-824b5c030b9d"
2022-12-28 * "Bill #443 12月2022 MPF"
  referenceNo: "443"
  orderId: "1fe91fbc-fa0c-4e3e-aa67-822f0709a75f"
  type: "Bill"
  Expenses:GeneralExpense:Mpf 5300.00 HKD
  qty: "1"
  description: "12月2022 MPF"
  referenceNo: "443"
  orderId: "1fe91fbc-fa0c-4e3e-aa67-822f0709a75f"
  type: "Bill Item"
  sourceId: "08d96e18-5daf-4529-8f12-af2f6c66008d"
  Liabilities:CurrentLiabilities:AccountPayable
  referenceNo: "443"
  orderId: "1fe91fbc-fa0c-4e3e-aa67-822f0709a75f"
  type: "Bill"
  sourceId: "1fe91fbc-fa0c-4e3e-aa67-822f0709a75f"
  contact: "880 806 () [53b8789a-4451-4a1f-84f7-a9c5da7ada1a]"
2022-12-28 * "880 806 () [53b8789a-4451-4a1f-84f7-a9c5da7ada1a]" "Bill Payment for Bill #443 #f99fb964-516f-4a80-a23f-78ebbc0481e0"
  Liabilities:CurrentLiabilities:AccountPayable 5300.00 HKD
  contact: "880 806 () [53b8789a-4451-4a1f-84f7-a9c5da7ada1a]"
  type: "Bill Payment"
  sourceId: "f99fb964-516f-4a80-a23f-78ebbc0481e0"
  referenceNo: "443"
  orderId: "1fe91fbc-fa0c-4e3e-aa67-822f0709a75f"
  Assets:CurrentAssets:Bank:BocCurrentBank -5300.00 HKD
  type: "Bill Payment"
  sourceId: "f99fb964-516f-4a80-a23f-78ebbc0481e0"
  referenceNo: "443"
  orderId: "1fe91fbc-fa0c-4e3e-aa67-822f0709a75f"
2022-12-29 * "Bill #296 EX00090 Hazel 廣告費"
  referenceNo: "296"
  orderId: "66ef6b6d-819d-43e2-be6a-7ae94ab19a84"
  type: "Bill"
  Expenses:GeneralExpense:AdvertisingAndBranding 5753.20 HKD
  qty: "1"
  description: "Hazel 廣告費"
  referenceNo: "296"
  orderId: "66ef6b6d-819d-43e2-be6a-7ae94ab19a84"
  type: "Bill Item"
  sourceId: "f9ebb053-7fdf-49ef-8619-5b60e9789d65"
  Liabilities:CurrentLiabilities:AccountPayable
  referenceNo: "296"
  orderId: "66ef6b6d-819d-43e2-be6a-7ae94ab19a84"
  type: "Bill"
  sourceId: "66ef6b6d-819d-43e2-be6a-7ae94ab19a84"
  contact: "880 806 () [53b8789a-4451-4a1f-84f7-a9c5da7ada1a]"
2022-12-29 * "Bill #298 BANK FEE 2"
  referenceNo: "298"
  orderId: "6308233b-2b56-4e6f-bd0b-3cce366c413e"
  type: "Bill"
  Expenses:GeneralExpense:BankFeesExpense 10.00 HKD
  qty: "1"
  description: "BANK FEE"
  referenceNo: "298"
  orderId: "6308233b-2b56-4e6f-bd0b-3cce366c413e"
  type: "Bill Item"
  sourceId: "6b196407-fee2-4d47-9e72-6d1e0710356e"
  Liabilities:CurrentLiabilities:AccountPayable
  referenceNo: "298"
  orderId: "6308233b-2b56-4e6f-bd0b-3cce366c413e"
  type: "Bill"
  sourceId: "6308233b-2b56-4e6f-bd0b-3cce366c413e"
  contact: "880 806 () [53b8789a-4451-4a1f-84f7-a9c5da7ada1a]"
2022-12-29 * "Bill #597 SI-10331"
  referenceNo: "597"
  orderId: "dabdaaf2-ab79-441b-a9ef-da002fb4705a"
  type: "Bill"
  Expenses:CostOfSales:Purchase:PurchaseItem:BuyCost-ProcessingFee 350.00 HKD
  category: "Other"
  sku: "Processing 025"
  qty: 1
  referenceNo: "597"
  orderId: "dabdaaf2-ab79-441b-a9ef-da002fb4705a"
  type: "Bill Item"
  sourceId: "4cab5d95-ca18-4cbe-83ac-f1329830b8be"
  Liabilities:CurrentLiabilities:AccountPayable
  referenceNo: "597"
  orderId: "dabdaaf2-ab79-441b-a9ef-da002fb4705a"
  type: "Bill"
  sourceId: "dabdaaf2-ab79-441b-a9ef-da002fb4705a"
  contact: "998 12345767 (SkyHighHoldingsGroupLtd) [efdca012-5d6e-4361-8ec7-f5566615d58a]"
2022-12-29 * "Bill #297 BANK FEE 1"
  referenceNo: "297"
  orderId: "a0855f45-498c-44c8-a318-beaf37f3cc96"
  type: "Bill"
  Expenses:GeneralExpense:BankFeesExpense 5.00 HKD
  qty: "1"
  description: "BANK FEE "
  referenceNo: "297"
  orderId: "a0855f45-498c-44c8-a318-beaf37f3cc96"
  type: "Bill Item"
  sourceId: "d02c129f-6e50-4814-9731-b4e515ce8c79"
  Liabilities:CurrentLiabilities:AccountPayable
  referenceNo: "297"
  orderId: "a0855f45-498c-44c8-a318-beaf37f3cc96"
  type: "Bill"
  sourceId: "a0855f45-498c-44c8-a318-beaf37f3cc96"
  contact: "880 806 () [53b8789a-4451-4a1f-84f7-a9c5da7ada1a]"
2022-12-29 * "Bill #295 Bill1229 model fee for photo shooting"
  referenceNo: "295"
  orderId: "5e465777-c0b6-4a60-a1bb-d5f5412c435e"
  type: "Bill"
  Expenses:GeneralExpense:AdvertisingAndBranding 1000.00 HKD
  qty: "1"
  description: "model fee for photo shooting"
  referenceNo: "295"
  orderId: "5e465777-c0b6-4a60-a1bb-d5f5412c435e"
  type: "Bill Item"
  sourceId: "939ef050-5118-43d5-a7c7-7aa98d220774"
  Liabilities:CurrentLiabilities:AccountPayable
  referenceNo: "295"
  orderId: "5e465777-c0b6-4a60-a1bb-d5f5412c435e"
  type: "Bill"
  sourceId: "5e465777-c0b6-4a60-a1bb-d5f5412c435e"
  contact: "880 806 () [53b8789a-4451-4a1f-84f7-a9c5da7ada1a]"
2022-12-29 * "Assets:CurrentAssets:Cash:CashInHand" "Invoice Payment for Invoice #59 #ced26d19-afd7-41d9-925a-29ca37118b13"
  Assets:CurrentAssets:Cash:CashInHand 5300.00 HKD
  type: "Invoice Payment"
  sourceId: "ced26d19-afd7-41d9-925a-29ca37118b13"
  referenceNo: "59"
  orderId: "d7253c91-36b0-4c58-bea7-2bc650c00695"
  Assets:CurrentAssets:AccountReceivable -5300.00 HKD
  type: "Invoice Payment"
  sourceId: "ced26d19-afd7-41d9-925a-29ca37118b13"
  referenceNo: "59"
  orderId: "d7253c91-36b0-4c58-bea7-2bc650c00695"
  contact: "852 96607390 (MR.WONGKELVIN) [a730169a-cefc-4efd-89a1-0ff9aee47eab]"
2022-12-29 * "880 806 () [53b8789a-4451-4a1f-84f7-a9c5da7ada1a]" "Bill Payment for Bill #295 #5cba241f-6369-4eab-b5d1-74852e7dbc2e"
  Liabilities:CurrentLiabilities:AccountPayable 1000.00 HKD
  contact: "880 806 () [53b8789a-4451-4a1f-84f7-a9c5da7ada1a]"
  type: "Bill Payment"
  sourceId: "5cba241f-6369-4eab-b5d1-74852e7dbc2e"
  referenceNo: "295"
  orderId: "5e465777-c0b6-4a60-a1bb-d5f5412c435e"
  Assets:CurrentAssets:Cash:CashInHand -1000.00 HKD
  type: "Bill Payment"
  sourceId: "5cba241f-6369-4eab-b5d1-74852e7dbc2e"
  referenceNo: "295"
  orderId: "5e465777-c0b6-4a60-a1bb-d5f5412c435e"
2022-12-29 * "880 806 () [53b8789a-4451-4a1f-84f7-a9c5da7ada1a]" "Bill Payment for Bill #296 #3a66fefc-1fcb-46f2-851c-5b92899ffc01"
  Liabilities:CurrentLiabilities:AccountPayable 5753.20 HKD
  contact: "880 806 () [53b8789a-4451-4a1f-84f7-a9c5da7ada1a]"
  type: "Bill Payment"
  sourceId: "3a66fefc-1fcb-46f2-851c-5b92899ffc01"
  referenceNo: "296"
  orderId: "66ef6b6d-819d-43e2-be6a-7ae94ab19a84"
  Assets:CurrentAssets:Bank:BocSavingBank -5753.20 HKD
  type: "Bill Payment"
  sourceId: "3a66fefc-1fcb-46f2-851c-5b92899ffc01"
  referenceNo: "296"
  orderId: "66ef6b6d-819d-43e2-be6a-7ae94ab19a84"
2022-12-29 * "880 806 () [53b8789a-4451-4a1f-84f7-a9c5da7ada1a]" "Bill Payment for Bill #297 #35e3e7c4-e860-4999-9440-37258c9ff131"
  Liabilities:CurrentLiabilities:AccountPayable 5.00 HKD
  contact: "880 806 () [53b8789a-4451-4a1f-84f7-a9c5da7ada1a]"
  type: "Bill Payment"
  sourceId: "35e3e7c4-e860-4999-9440-37258c9ff131"
  referenceNo: "297"
  orderId: "a0855f45-498c-44c8-a318-beaf37f3cc96"
  Assets:CurrentAssets:Bank:BocSavingBank -5.00 HKD
  type: "Bill Payment"
  sourceId: "35e3e7c4-e860-4999-9440-37258c9ff131"
  referenceNo: "297"
  orderId: "a0855f45-498c-44c8-a318-beaf37f3cc96"
2022-12-29 * "880 806 () [53b8789a-4451-4a1f-84f7-a9c5da7ada1a]" "Bill Payment for Bill #298 #dbf061d8-77cd-470c-87d6-8df26717a44f"
  Liabilities:CurrentLiabilities:AccountPayable 10.00 HKD
  contact: "880 806 () [53b8789a-4451-4a1f-84f7-a9c5da7ada1a]"
  type: "Bill Payment"
  sourceId: "dbf061d8-77cd-470c-87d6-8df26717a44f"
  referenceNo: "298"
  orderId: "6308233b-2b56-4e6f-bd0b-3cce366c413e"
  Assets:CurrentAssets:Bank:BocSavingBank -10.00 HKD
  type: "Bill Payment"
  sourceId: "dbf061d8-77cd-470c-87d6-8df26717a44f"
  referenceNo: "298"
  orderId: "6308233b-2b56-4e6f-bd0b-3cce366c413e"
2022-12-29 * "Bill #29 323 1月管理費"
  referenceNo: "29"
  orderId: "f591ccb8-ae7b-4327-9dba-5ca5fb9d9be3"
  type: "Bill"
  Expenses:GeneralExpense:BuildingManagementFee 1648.00 HKD
  qty: "1"
  description: "323 1月管理費"
  referenceNo: "29"
  orderId: "f591ccb8-ae7b-4327-9dba-5ca5fb9d9be3"
  type: "Bill Item"
  sourceId: "da3d6aae-0877-4aef-9e07-4bea780ab01d"
  Liabilities:CurrentLiabilities:AccountPayable
  referenceNo: "29"
  orderId: "f591ccb8-ae7b-4327-9dba-5ca5fb9d9be3"
  type: "Bill"
  sourceId: "f591ccb8-ae7b-4327-9dba-5ca5fb9d9be3"
  contact: "880 806 () [53b8789a-4451-4a1f-84f7-a9c5da7ada1a]"
2022-12-29 * "880 806 () [53b8789a-4451-4a1f-84f7-a9c5da7ada1a]" "Bill Payment for Bill #29 #8df555ff-7309-4a27-9d45-de84adc9ebdf"
  Liabilities:CurrentLiabilities:AccountPayable 1648.00 HKD
  contact: "880 806 () [53b8789a-4451-4a1f-84f7-a9c5da7ada1a]"
  type: "Bill Payment"
  sourceId: "8df555ff-7309-4a27-9d45-de84adc9ebdf"
  referenceNo: "29"
  orderId: "f591ccb8-ae7b-4327-9dba-5ca5fb9d9be3"
  Assets:CurrentAssets:Bank:BocCurrentBank -1648.00 HKD
  type: "Bill Payment"
  sourceId: "8df555ff-7309-4a27-9d45-de84adc9ebdf"
  referenceNo: "29"
  orderId: "f591ccb8-ae7b-4327-9dba-5ca5fb9d9be3"
2022-12-30 * "Bill #304 EX00089 12月salary"
  referenceNo: "304"
  orderId: "ac9079d9-b576-40dc-a6af-8058a5e0a9b5"
  type: "Bill"
  Expenses:GeneralExpense:WagesAndSalaries 50350.00 HKD
  qty: "1"
  description: "EX00089 - 12月salary"
  referenceNo: "304"
  orderId: "ac9079d9-b576-40dc-a6af-8058a5e0a9b5"
  type: "Bill Item"
  sourceId: "c22c9c30-54f4-49da-ac45-2ac901a7b36e"
  Liabilities:CurrentLiabilities:AccountPayable
  referenceNo: "304"
  orderId: "ac9079d9-b576-40dc-a6af-8058a5e0a9b5"
  type: "Bill"
  sourceId: "ac9079d9-b576-40dc-a6af-8058a5e0a9b5"
  contact: "880 806 () [53b8789a-4451-4a1f-84f7-a9c5da7ada1a]"
2022-12-30 * "880 806 () [53b8789a-4451-4a1f-84f7-a9c5da7ada1a]" "Bill Payment for Bill #304 #9ad7a587-74ad-45ef-bd89-5388ce5389a1"
  Liabilities:CurrentLiabilities:AccountPayable 50350.00 HKD
  contact: "880 806 () [53b8789a-4451-4a1f-84f7-a9c5da7ada1a]"
  type: "Bill Payment"
  sourceId: "9ad7a587-74ad-45ef-bd89-5388ce5389a1"
  referenceNo: "304"
  orderId: "ac9079d9-b576-40dc-a6af-8058a5e0a9b5"
  Assets:CurrentAssets:Bank:BocSavingBank -50350.00 HKD
  type: "Bill Payment"
  sourceId: "9ad7a587-74ad-45ef-bd89-5388ce5389a1"
  referenceNo: "304"
  orderId: "ac9079d9-b576-40dc-a6af-8058a5e0a9b5"
2022-12-31 * "Bill #376 FACEBK *XAYUKNXYM2"
  referenceNo: "376"
  orderId: "4c4031e4-11a6-4af1-a8b6-c10c2af409fd"
  type: "Bill"
  Expenses:GeneralExpense:AdvertisingAndBranding 7500.00 HKD
  qty: "1"
  description: "FACEBK *XAYUKNXYM2"
  referenceNo: "376"
  orderId: "4c4031e4-11a6-4af1-a8b6-c10c2af409fd"
  type: "Bill Item"
  sourceId: "cd223981-5b79-471e-ae13-44b4367065aa"
  Liabilities:CurrentLiabilities:AccountPayable
  referenceNo: "376"
  orderId: "4c4031e4-11a6-4af1-a8b6-c10c2af409fd"
  type: "Bill"
  sourceId: "4c4031e4-11a6-4af1-a8b6-c10c2af409fd"
  contact: "880 806 () [53b8789a-4451-4a1f-84f7-a9c5da7ada1a]"
2022-12-31 * "Bill #391 OVERSEA TRANSACTION FEE"
  referenceNo: "391"
  orderId: "cbdd4bda-b78e-4963-82bb-81601e7e94fd"
  type: "Bill"
  Expenses:GeneralExpense:BankFeesExpense 60.00 HKD
  qty: "1"
  description: "OVERSEA TRANSACTION FEE"
  referenceNo: "391"
  orderId: "cbdd4bda-b78e-4963-82bb-81601e7e94fd"
  type: "Bill Item"
  sourceId: "d1f64e9b-3f08-4d38-a54f-e5521263ccb2"
  Liabilities:CurrentLiabilities:AccountPayable
  referenceNo: "391"
  orderId: "cbdd4bda-b78e-4963-82bb-81601e7e94fd"
  type: "Bill"
  sourceId: "cbdd4bda-b78e-4963-82bb-81601e7e94fd"
  contact: "998 12345835 (boc(bankofchina)) [82f385a7-d238-4826-9a12-e06648f93cdb]"
2022-12-31 * "880 806 () [53b8789a-4451-4a1f-84f7-a9c5da7ada1a]" "Bill Payment for Bill #376 #79529855-554f-4033-982d-6a5fc46c9765"
  Liabilities:CurrentLiabilities:AccountPayable 7500.00 HKD
  contact: "880 806 () [53b8789a-4451-4a1f-84f7-a9c5da7ada1a]"
  type: "Bill Payment"
  sourceId: "79529855-554f-4033-982d-6a5fc46c9765"
  referenceNo: "376"
  orderId: "4c4031e4-11a6-4af1-a8b6-c10c2af409fd"
  Assets:CurrentAssets:Bank:BocVisaCard-DavidBank -7500.00 HKD
  type: "Bill Payment"
  sourceId: "79529855-554f-4033-982d-6a5fc46c9765"
  referenceNo: "376"
  orderId: "4c4031e4-11a6-4af1-a8b6-c10c2af409fd"
2022-12-31 * "998 12345835 (boc(bankofchina)) [82f385a7-d238-4826-9a12-e06648f93cdb]" "Bill Payment for Bill #391 #45991c98-8850-4728-8e58-d15ce8871e6a"
  Liabilities:CurrentLiabilities:AccountPayable 60.00 HKD
  contact: "998 12345835 (boc(bankofchina)) [82f385a7-d238-4826-9a12-e06648f93cdb]"
  type: "Bill Payment"
  sourceId: "45991c98-8850-4728-8e58-d15ce8871e6a"
  referenceNo: "391"
  orderId: "cbdd4bda-b78e-4963-82bb-81601e7e94fd"
  Assets:CurrentAssets:Bank:BocVisaCard-DavidBank -60.00 HKD
  type: "Bill Payment"
  sourceId: "45991c98-8850-4728-8e58-d15ce8871e6a"
  referenceNo: "391"
  orderId: "cbdd4bda-b78e-4963-82bb-81601e7e94fd"
2022-12-31 * "Invoice #126 INTEREST"
  Income:OtherIncome:Interest-bank -2.53 USD
  description: "INTEREST"
  qty: 1
  referenceNo: "126"
  orderId: "a0bf1c34-ab9e-4a7d-b6e0-c726bf1b8a90"
  type: "Invoice Item"
  sourceId: "9bbb36de-4e26-4ee6-9105-f0f2521beabb"
  Assets:CurrentAssets:AccountReceivable
  referenceNo: "126"
  orderId: "a0bf1c34-ab9e-4a7d-b6e0-c726bf1b8a90"
  type: "Invoice"
  sourceId: "a0bf1c34-ab9e-4a7d-b6e0-c726bf1b8a90"
  contact: "998 12345835 (boc(bankofchina)) [82f385a7-d238-4826-9a12-e06648f93cdb]"
2022-12-31 * "Assets:CurrentAssets:Bank:BocForeignBank" "Invoice Payment for Invoice #126 #2d3346f7-1fdb-494a-a49a-821e73a5cdb9"
  Assets:CurrentAssets:Bank:BocForeignBank 2.53 USD
  type: "Invoice Payment"
  sourceId: "2d3346f7-1fdb-494a-a49a-821e73a5cdb9"
  referenceNo: "126"
  orderId: "a0bf1c34-ab9e-4a7d-b6e0-c726bf1b8a90"
  Assets:CurrentAssets:AccountReceivable -2.53 USD
  type: "Invoice Payment"
  sourceId: "2d3346f7-1fdb-494a-a49a-821e73a5cdb9"
  referenceNo: "126"
  orderId: "a0bf1c34-ab9e-4a7d-b6e0-c726bf1b8a90"
  contact: "998 12345835 (boc(bankofchina)) [82f385a7-d238-4826-9a12-e06648f93cdb]"