; ORDER transactions for 2022-06

2022-06-01 * "Bill #129 INV.30666"
  referenceNo: "129"
  orderId: "52b57089-0f6a-42e5-9d2b-30b32019b178"
  type: "Bill"
  Expenses:CostOfSales:Purchase:PurchaseItem:BuyDiamond 54624 HKD
  category: "Natural Diamond"
  sku: "DDFFFFFF0800001429966059"
  qty: 1
  referenceNo: "129"
  orderId: "52b57089-0f6a-42e5-9d2b-30b32019b178"
  type: "Bill Item"
  sourceId: "49310939-ec93-485b-9011-049beaac6352"
  Expenses:CostOfSales:Purchase:PurchaseItem:BuyDiamond 58551 HKD
  category: "Natural Diamond"
  sku: "DDFFFFFF0800006422923456"
  qty: 1
  referenceNo: "129"
  orderId: "52b57089-0f6a-42e5-9d2b-30b32019b178"
  type: "Bill Item"
  sourceId: "f35a5020-b4d2-43b9-9e8e-c1b9a9802bf3"
  Expenses:CostOfSales:Purchase:PurchaseItem:BuyDiamond 24052 HKD
  category: "Natural Diamond"
  sku: "DDFFFFFF0800002426545638"
  qty: 1
  referenceNo: "129"
  orderId: "52b57089-0f6a-42e5-9d2b-30b32019b178"
  type: "Bill Item"
  sourceId: "0f4800ef-fd10-467d-a059-4ae22bef4209"
  Expenses:CostOfSales:Purchase:PurchaseItem:BuyDiamond 19897 HKD
  category: "Natural Diamond"
  sku: "DDFFFFFF0800006431149744"
  qty: 1
  referenceNo: "129"
  orderId: "52b57089-0f6a-42e5-9d2b-30b32019b178"
  type: "Bill Item"
  sourceId: "d0250908-ee5c-49d5-8f3c-3c3fe4a08ce0"
  Expenses:CostOfSales:Purchase:PurchaseItem:BuyDiamond 17784 HKD
  category: "Natural Diamond"
  sku: "DDFFFFFF0800007361835022"
  qty: 1
  referenceNo: "129"
  orderId: "52b57089-0f6a-42e5-9d2b-30b32019b178"
  type: "Bill Item"
  sourceId: "33f5e6e0-5a3e-41f2-a27f-32d2660fee24"
  Liabilities:CurrentLiabilities:AccountPayable
  referenceNo: "129"
  orderId: "52b57089-0f6a-42e5-9d2b-30b32019b178"
  type: "Bill"
  sourceId: "52b57089-0f6a-42e5-9d2b-30b32019b178"
  contact: "998 12345709 (EVEREST GEMS LTD) [57b2054c-8a63-41bb-a352-e717f3833104]"
2022-06-02 * "Invoice #39 INV-0065 MS. O (ELMA FD)"
  Income:Sales:SalesItem:SellBespokeorotherFee -23000 HKD
  category: "Jewelry"
  sku: "DDFFFFFF0200000000000032"
  qty: 1
  referenceNo: "39"
  orderId: "8522a0e3-ef14-45db-b947-a9e08d1a3c97"
  type: "Invoice Item"
  sourceId: "5130542a-438c-4dea-bff5-8c78d28c5de3"
  Assets:CurrentAssets:AccountReceivable
  referenceNo: "39"
  orderId: "8522a0e3-ef14-45db-b947-a9e08d1a3c97"
  type: "Invoice"
  sourceId: "8522a0e3-ef14-45db-b947-a9e08d1a3c97"
  contact: "852 91295555 (MS. O) [1716a1e9-7921-4af1-beac-4dbbd848b424]"
2022-06-02 * "Bill #130 無 SI - GIA PURCHASE 6214720776 6411279196 "
  referenceNo: "130"
  orderId: "4f2f2873-c2ab-40b1-9d78-f011f59c0c4e"
  type: "Bill"
  Expenses:CostOfSales:Purchase:PurchaseItem:BuyDiamond 30709 HKD
  category: "Natural Diamond"
  sku: "DDFFFFFF0800006214720776"
  qty: 1
  referenceNo: "130"
  orderId: "4f2f2873-c2ab-40b1-9d78-f011f59c0c4e"
  type: "Bill Item"
  sourceId: "149cb69a-9e19-40ec-b0ea-5fec0eb2c715"
  Expenses:CostOfSales:Purchase:PurchaseItem:BuyDiamond 54764 HKD
  category: "Natural Diamond"
  sku: "DDFFFFFF0800006411279196"
  qty: 1
  referenceNo: "130"
  orderId: "4f2f2873-c2ab-40b1-9d78-f011f59c0c4e"
  type: "Bill Item"
  sourceId: "167651fb-e6fe-45c8-b271-3d780844e49c"
  Liabilities:CurrentLiabilities:AccountPayable
  referenceNo: "130"
  orderId: "4f2f2873-c2ab-40b1-9d78-f011f59c0c4e"
  type: "Bill"
  sourceId: "4f2f2873-c2ab-40b1-9d78-f011f59c0c4e"
  contact: "998 12345767 (SkyHigh Holdings Group Ltd) [efdca012-5d6e-4361-8ec7-f5566615d58a]"
2022-06-02 * "Bill #617 SI-10243 #0065"
  referenceNo: "617"
  orderId: "b700e6b1-6f47-40cd-8cc9-a0703067399c"
  type: "Bill"
  Expenses:CostOfSales:Purchase:PurchaseItem:BuyBespoke 16904 HKD
  category: "Jewelry"
  sku: "DDFFFFFF0200000000000032"
  qty: 1
  referenceNo: "617"
  orderId: "b700e6b1-6f47-40cd-8cc9-a0703067399c"
  type: "Bill Item"
  sourceId: "1a92c84f-3290-4f00-a940-c8382226ae21"
  Liabilities:CurrentLiabilities:AccountPayable
  referenceNo: "617"
  orderId: "b700e6b1-6f47-40cd-8cc9-a0703067399c"
  type: "Bill"
  sourceId: "b700e6b1-6f47-40cd-8cc9-a0703067399c"
  contact: "998 12345767 (SkyHigh Holdings Group Ltd) [efdca012-5d6e-4361-8ec7-f5566615d58a]"
2022-06-02 * "998 12345767 (SkyHigh Holdings Group Ltd) [efdca012-5d6e-4361-8ec7-f5566615d58a]" "Bill Payment for Bill #130 #3e3b8562-1dbc-4910-8b24-5203ec43830d"
  contact: "998 12345767 (SkyHigh Holdings Group Ltd) [efdca012-5d6e-4361-8ec7-f5566615d58a]"
  Liabilities:CurrentLiabilities:AccountPayable 85473 HKD
  type: "Bill Payment"
  sourceId: "3e3b8562-1dbc-4910-8b24-5203ec43830d"
  referenceNo: "130"
  orderId: "4f2f2873-c2ab-40b1-9d78-f011f59c0c4e"
  Assets:CurrentAssets:TradeDeposit:TradeDeposit-SkyhighHoldingsGroupLtd -85473 HKD
  type: "Bill Payment"
  sourceId: "3e3b8562-1dbc-4910-8b24-5203ec43830d"
  referenceNo: "130"
  orderId: "4f2f2873-c2ab-40b1-9d78-f011f59c0c4e"
2022-06-03 * "Bill #348 kpay003"
  referenceNo: "348"
  orderId: "e9b0b8ec-c964-4b11-9b12-9ebc2269bccc"
  type: "Bill"
  Expenses:CardFeeExpense 479.5 HKD
  qty: "1"
  description: "KPAY FEE"
  referenceNo: "348"
  orderId: "e9b0b8ec-c964-4b11-9b12-9ebc2269bccc"
  type: "Bill Item"
  sourceId: "441efd04-eaca-4fad-95a8-de84b4941475"
  Liabilities:CurrentLiabilities:AccountPayable
  referenceNo: "348"
  orderId: "e9b0b8ec-c964-4b11-9b12-9ebc2269bccc"
  type: "Bill"
  sourceId: "e9b0b8ec-c964-4b11-9b12-9ebc2269bccc"
  contact: "998 12345821 (KPAY) [5a706f32-7edc-48d8-ae47-62fee1e8bba1]"
2022-06-03 * "Bill #79 INV.30681 NEW GIA STOCK PURCHASE"
  referenceNo: "79"
  orderId: "287cc356-b7e1-4f5d-b222-213cec723122"
  type: "Bill"
  Expenses:CostOfSales:Purchase:PurchaseItem:BuyDiamond 48259 HKD
  category: "Natural Diamond"
  sku: "DDFFFFFF0800007426841741"
  qty: 1
  referenceNo: "79"
  orderId: "287cc356-b7e1-4f5d-b222-213cec723122"
  type: "Bill Item"
  sourceId: "609987e4-a7aa-4bcd-965a-6091090376f6"
  Expenses:CostOfSales:Purchase:PurchaseItem:BuyDiamond 54854 HKD
  category: "Natural Diamond"
  sku: "DDFFFFFF0800002437404380"
  qty: 1
  referenceNo: "79"
  orderId: "287cc356-b7e1-4f5d-b222-213cec723122"
  type: "Bill Item"
  sourceId: "db00e79d-e12a-4225-b697-92dadd1392b7"
  Expenses:CostOfSales:Purchase:PurchaseItem:BuyDiamond 61307 HKD
  category: "Natural Diamond"
  sku: "DDFFFFFF0800006431016580"
  qty: 1
  referenceNo: "79"
  orderId: "287cc356-b7e1-4f5d-b222-213cec723122"
  type: "Bill Item"
  sourceId: "55afe4d3-fff9-44d8-9780-6c17ab08906b"
  Liabilities:CurrentLiabilities:AccountPayable
  referenceNo: "79"
  orderId: "287cc356-b7e1-4f5d-b222-213cec723122"
  type: "Bill"
  sourceId: "287cc356-b7e1-4f5d-b222-213cec723122"
  contact: "998 12345709 (EVEREST GEMS LTD) [57b2054c-8a63-41bb-a352-e717f3833104]"
2022-06-03 * "Assets:CurrentAssets:Bank:KpayBank" "Invoice Payment for Invoice #27 #a5ac6115-457d-43ce-b879-78169f954e25"
  Assets:CurrentAssets:Bank:KpayBank 31900 HKD
  type: "Invoice Payment"
  sourceId: "a5ac6115-457d-43ce-b879-78169f954e25"
  referenceNo: "27"
  orderId: "8e611f89-c8a3-4258-91e4-6f04ef9dbe13"
  Assets:CurrentAssets:AccountReceivable -31900 HKD
  type: "Invoice Payment"
  sourceId: "a5ac6115-457d-43ce-b879-78169f954e25"
  referenceNo: "27"
  orderId: "8e611f89-c8a3-4258-91e4-6f04ef9dbe13"
  contact: "852 64625345 (Mr. BENNY CHENG) [e89d0e63-69e8-452b-ba40-f79d6d181c3c]"
2022-06-03 * "Assets:CurrentAssets:Cash:CashInHand" "Invoice Payment for Invoice #39 #51f57010-6c84-49c5-b452-51bcf9603a24"
  Assets:CurrentAssets:Cash:CashInHand 23000 HKD
  type: "Invoice Payment"
  sourceId: "51f57010-6c84-49c5-b452-51bcf9603a24"
  referenceNo: "39"
  orderId: "8522a0e3-ef14-45db-b947-a9e08d1a3c97"
  Assets:CurrentAssets:AccountReceivable -23000 HKD
  type: "Invoice Payment"
  sourceId: "51f57010-6c84-49c5-b452-51bcf9603a24"
  referenceNo: "39"
  orderId: "8522a0e3-ef14-45db-b947-a9e08d1a3c97"
  contact: "852 91295555 (MS. O) [1716a1e9-7921-4af1-beac-4dbbd848b424]"
2022-06-03 * "998 12345821 (KPAY) [5a706f32-7edc-48d8-ae47-62fee1e8bba1]" "Bill Payment for Bill #348 #897d4416-ad81-4cc7-aa20-df42b5ff92a1"
  contact: "998 12345821 (KPAY) [5a706f32-7edc-48d8-ae47-62fee1e8bba1]"
  Liabilities:CurrentLiabilities:AccountPayable 479.5 HKD
  type: "Bill Payment"
  sourceId: "897d4416-ad81-4cc7-aa20-df42b5ff92a1"
  referenceNo: "348"
  orderId: "e9b0b8ec-c964-4b11-9b12-9ebc2269bccc"
  Assets:CurrentAssets:Bank:KpayBank -479.5 HKD
  type: "Bill Payment"
  sourceId: "897d4416-ad81-4cc7-aa20-df42b5ff92a1"
  referenceNo: "348"
  orderId: "e9b0b8ec-c964-4b11-9b12-9ebc2269bccc"
2022-06-04 * "998 12345709 (EVEREST GEMS LTD) [57b2054c-8a63-41bb-a352-e717f3833104]" "Bill Payment for Bill #79 #a1f8a1ef-2a0e-426f-aa54-f3bcd87ee891"
  contact: "998 12345709 (EVEREST GEMS LTD) [57b2054c-8a63-41bb-a352-e717f3833104]"
  Liabilities:CurrentLiabilities:AccountPayable 73915 HKD
  type: "Bill Payment"
  sourceId: "a1f8a1ef-2a0e-426f-aa54-f3bcd87ee891"
  referenceNo: "79"
  orderId: "287cc356-b7e1-4f5d-b222-213cec723122"
  Assets:CurrentAssets:TradeDeposit:TradeDeposit-SkyhighHoldingsGroupLtd -73915 HKD
  type: "Bill Payment"
  sourceId: "a1f8a1ef-2a0e-426f-aa54-f3bcd87ee891"
  referenceNo: "79"
  orderId: "287cc356-b7e1-4f5d-b222-213cec723122"
2022-06-04 * "998 12345709 (EVEREST GEMS LTD) [57b2054c-8a63-41bb-a352-e717f3833104]" "Bill Payment for Bill #79 #5cefade5-5e48-4a82-908d-57e38e01f321"
  contact: "998 12345709 (EVEREST GEMS LTD) [57b2054c-8a63-41bb-a352-e717f3833104]"
  Liabilities:CurrentLiabilities:AccountPayable 90505 HKD
  type: "Bill Payment"
  sourceId: "5cefade5-5e48-4a82-908d-57e38e01f321"
  referenceNo: "79"
  orderId: "287cc356-b7e1-4f5d-b222-213cec723122"
  Assets:CurrentAssets:Cash:CashInHand -90505 HKD
  type: "Bill Payment"
  sourceId: "5cefade5-5e48-4a82-908d-57e38e01f321"
  referenceNo: "79"
  orderId: "287cc356-b7e1-4f5d-b222-213cec723122"
2022-06-06 * "Invoice #289 Patek Philippe Nautilus"
  Income:Sales:SalesItem:SellWatch -3050000 HKD
  category: "Jewelry"
  sku: "WATCH001"
  qty: 1
  referenceNo: "289"
  orderId: "80db02ae-2208-4d7d-ae53-e968947b5d39"
  type: "Invoice Item"
  sourceId: "6ef2a2fe-1f52-4da0-9c0c-b31a67f680c6"
  Assets:CurrentAssets:AccountReceivable
  referenceNo: "289"
  orderId: "80db02ae-2208-4d7d-ae53-e968947b5d39"
  type: "Invoice"
  sourceId: "80db02ae-2208-4d7d-ae53-e968947b5d39"
  contact: "63 9175088682 (MS. KWAN WINNIE) [559fadd6-98c8-4f39-98d5-8d0ed255ecab]"
2022-06-06 * "Bill #769 Patek Philippe Nautilus Ref. 5590"
  referenceNo: "769"
  orderId: "dd61b6e6-4df3-4c62-b6b3-9f66c2a821ef"
  type: "Bill"
  Expenses:CostOfSales:Purchase:PurchaseItem:BuyWatch 2850000 HKD
  category: "Jewelry"
  sku: "WATCH001"
  qty: 1
  referenceNo: "769"
  orderId: "dd61b6e6-4df3-4c62-b6b3-9f66c2a821ef"
  type: "Bill Item"
  sourceId: "a3fb4ba9-061f-4112-8881-b29f20b78a48"
  Liabilities:CurrentLiabilities:AccountPayable
  referenceNo: "769"
  orderId: "dd61b6e6-4df3-4c62-b6b3-9f66c2a821ef"
  type: "Bill"
  sourceId: "dd61b6e6-4df3-4c62-b6b3-9f66c2a821ef"
  contact: "998 12345695 (Bellagio Trading Ltd) [eeee603f-2709-4f03-9125-35f2e05e152d]"
2022-06-06 * "Assets:CurrentAssets:Cash:CashInHand" "Invoice Payment for Invoice #289 #cae66bd7-c34f-4ff9-acf7-6d3c933a7591"
  Assets:CurrentAssets:Cash:CashInHand 3050000 HKD
  type: "Invoice Payment"
  sourceId: "cae66bd7-c34f-4ff9-acf7-6d3c933a7591"
  referenceNo: "289"
  orderId: "80db02ae-2208-4d7d-ae53-e968947b5d39"
  Assets:CurrentAssets:AccountReceivable -3050000 HKD
  type: "Invoice Payment"
  sourceId: "cae66bd7-c34f-4ff9-acf7-6d3c933a7591"
  referenceNo: "289"
  orderId: "80db02ae-2208-4d7d-ae53-e968947b5d39"
  contact: "63 9175088682 (MS. KWAN WINNIE) [559fadd6-98c8-4f39-98d5-8d0ed255ecab]"
2022-06-06 * "852 52858388 (Elma Ma) [ef9273ef-4cec-43d5-bcd0-9f2b494c2962]" "Bill Payment for Bill #590 #d8986090-a2f4-4363-9dfc-8569bbca759d"
  contact: "852 52858388 (Elma Ma) [ef9273ef-4cec-43d5-bcd0-9f2b494c2962]"
  Liabilities:CurrentLiabilities:AccountPayable 95500 HKD
  type: "Bill Payment"
  sourceId: "d8986090-a2f4-4363-9dfc-8569bbca759d"
  referenceNo: "590"
  orderId: "5ab955c5-ac03-4ba4-8998-1dfcd1ebf457"
  Liabilities:CurrentLiabilities:CurrentAccount:C-a-ElmaJewelryLtd -95500 HKD
  type: "Bill Payment"
  sourceId: "d8986090-a2f4-4363-9dfc-8569bbca759d"
  referenceNo: "590"
  orderId: "5ab955c5-ac03-4ba4-8998-1dfcd1ebf457"
2022-06-06 * "998 12345709 (EVEREST GEMS LTD) [57b2054c-8a63-41bb-a352-e717f3833104]" "Bill Payment for Bill #129 #24500b87-e6f6-4cc1-8c3a-e115c9ea3246"
  contact: "998 12345709 (EVEREST GEMS LTD) [57b2054c-8a63-41bb-a352-e717f3833104]"
  Liabilities:CurrentLiabilities:AccountPayable 174908 HKD
  type: "Bill Payment"
  sourceId: "24500b87-e6f6-4cc1-8c3a-e115c9ea3246"
  referenceNo: "129"
  orderId: "52b57089-0f6a-42e5-9d2b-30b32019b178"
  Assets:CurrentAssets:Cash:CashInHand -174908 HKD
  type: "Bill Payment"
  sourceId: "24500b87-e6f6-4cc1-8c3a-e115c9ea3246"
  referenceNo: "129"
  orderId: "52b57089-0f6a-42e5-9d2b-30b32019b178"
2022-06-06 * "998 12345695 (Bellagio Trading Ltd) [eeee603f-2709-4f03-9125-35f2e05e152d]" "Bill Payment for Bill #769 #78b1e88c-88d0-47fc-b7fe-a30d46473e77"
  contact: "998 12345695 (Bellagio Trading Ltd) [eeee603f-2709-4f03-9125-35f2e05e152d]"
  Liabilities:CurrentLiabilities:AccountPayable 2850000 HKD
  type: "Bill Payment"
  sourceId: "78b1e88c-88d0-47fc-b7fe-a30d46473e77"
  referenceNo: "769"
  orderId: "dd61b6e6-4df3-4c62-b6b3-9f66c2a821ef"
  Assets:CurrentAssets:Cash:CashInHand -2850000 HKD
  type: "Bill Payment"
  sourceId: "78b1e88c-88d0-47fc-b7fe-a30d46473e77"
  referenceNo: "769"
  orderId: "dd61b6e6-4df3-4c62-b6b3-9f66c2a821ef"
2022-06-08 * "Bill #347 kpay002"
  referenceNo: "347"
  orderId: "ea31bbb5-23f0-4e46-81d8-1722c8650ee1"
  type: "Bill"
  Expenses:CardFeeExpense 731.5 HKD
  qty: "1"
  description: "kpay002"
  referenceNo: "347"
  orderId: "ea31bbb5-23f0-4e46-81d8-1722c8650ee1"
  type: "Bill Item"
  sourceId: "51acebf7-6fe2-4d1a-b3d7-408d8b1b9c52"
  Liabilities:CurrentLiabilities:AccountPayable
  referenceNo: "347"
  orderId: "ea31bbb5-23f0-4e46-81d8-1722c8650ee1"
  type: "Bill"
  sourceId: "ea31bbb5-23f0-4e46-81d8-1722c8650ee1"
  contact: "998 12345821 (KPAY) [5a706f32-7edc-48d8-ae47-62fee1e8bba1]"
2022-06-09 * "Invoice #18 INV-0068 (No Cost 沒有成本價)"
  Income:Sales:SalesItem:Sell18kJewelry -7800 HKD
  description: "DIAMOND SETTING RING SIZE: 9.5"
  qty: 1
  referenceNo: "18"
  orderId: "f42a2ac2-2430-4cfb-a7cf-820432e03220"
  type: "Invoice Item"
  sourceId: "c735f3bd-0c19-40e6-b533-01099fb15e39"
  Income:Sales:SalesItem:Sell18kJewelry -4239 HKD
  description: "ROYAL SAPPHIRE 1.165CT"
  qty: 1
  referenceNo: "18"
  orderId: "f42a2ac2-2430-4cfb-a7cf-820432e03220"
  type: "Invoice Item"
  sourceId: "8df80f93-1eff-43fc-8129-97ec73c34c72"
  Assets:CurrentAssets:AccountReceivable
  referenceNo: "18"
  orderId: "f42a2ac2-2430-4cfb-a7cf-820432e03220"
  type: "Invoice"
  sourceId: "f42a2ac2-2430-4cfb-a7cf-820432e03220"
  contact: "852 98382363 (MR. CHAN CHUN HIU) [bbd7a2f5-7044-41c5-8021-42bef56add6f]"
2022-06-09 * "Bill #83 EX00075"
  referenceNo: "83"
  orderId: "c62d4e4c-67fa-4a08-b01d-f6c6edd40e39"
  type: "Bill"
  Expenses:AdvertisingAndBranding 798 HKD
  category: "CXL - Admin Expense"
  sku: "other - admin (不記倉存)"
  qty: 1
  referenceNo: "83"
  orderId: "c62d4e4c-67fa-4a08-b01d-f6c6edd40e39"
  type: "Bill Item"
  sourceId: "8c196e80-e138-4342-88da-20942c4f99ce"
  Liabilities:CurrentLiabilities:AccountPayable
  referenceNo: "83"
  orderId: "c62d4e4c-67fa-4a08-b01d-f6c6edd40e39"
  type: "Bill"
  sourceId: "c62d4e4c-67fa-4a08-b01d-f6c6edd40e39"
  contact: "880 806 () [53b8789a-4451-4a1f-84f7-a9c5da7ada1a]"
2022-06-09 * "Bill #3 INV-0068"
  referenceNo: "3"
  orderId: "1d2e0a2b-74bb-4d14-8932-96748cc19988"
  type: "Bill"
  Expenses:CostOfSales:Purchase:PurchaseItem:BuyCost-ProcessingFee 0 HKD
  qty: "1"
  description: "ROYAL SAPPHIRE 1.165CT   "
  referenceNo: "3"
  orderId: "1d2e0a2b-74bb-4d14-8932-96748cc19988"
  type: "Bill Item"
  sourceId: "b8557f2c-2cca-4d66-9c0d-4a7e4b5ed083"
  Expenses:CostOfSales:Purchase:PurchaseItem:BuyCost-ProcessingFee 0 HKD
  qty: "1"
  description: "DIAMOND SETTING RING(FOR SAPPHIRE MAIN STONE)"
  referenceNo: "3"
  orderId: "1d2e0a2b-74bb-4d14-8932-96748cc19988"
  type: "Bill Item"
  sourceId: "d4061668-6536-4a5d-8d0b-6b6f048eb84b"
  Liabilities:CurrentLiabilities:AccountPayable
  referenceNo: "3"
  orderId: "1d2e0a2b-74bb-4d14-8932-96748cc19988"
  type: "Bill"
  sourceId: "1d2e0a2b-74bb-4d14-8932-96748cc19988"
  contact: "998 12345767 (SkyHigh Holdings Group Ltd) [efdca012-5d6e-4361-8ec7-f5566615d58a]"
2022-06-09 * "Assets:CurrentAssets:Bank:BocSavingBank" "Invoice Payment for Invoice #18 #fc0164ce-88dc-4c23-8004-5ab9aba2e315"
  Assets:CurrentAssets:Bank:BocSavingBank 3500 HKD
  type: "Invoice Payment"
  sourceId: "fc0164ce-88dc-4c23-8004-5ab9aba2e315"
  referenceNo: "18"
  orderId: "f42a2ac2-2430-4cfb-a7cf-820432e03220"
  Assets:CurrentAssets:AccountReceivable -3500 HKD
  type: "Invoice Payment"
  sourceId: "fc0164ce-88dc-4c23-8004-5ab9aba2e315"
  referenceNo: "18"
  orderId: "f42a2ac2-2430-4cfb-a7cf-820432e03220"
  contact: "852 98382363 (MR. CHAN CHUN HIU) [bbd7a2f5-7044-41c5-8021-42bef56add6f]"
2022-06-09 * "880 806 () [53b8789a-4451-4a1f-84f7-a9c5da7ada1a]" "Bill Payment for Bill #83 #3d0cbf50-7c88-4a81-ba13-910777ccd6a8"
  contact: "880 806 () [53b8789a-4451-4a1f-84f7-a9c5da7ada1a]"
  Liabilities:CurrentLiabilities:AccountPayable 798 HKD
  type: "Bill Payment"
  sourceId: "3d0cbf50-7c88-4a81-ba13-910777ccd6a8"
  referenceNo: "83"
  orderId: "c62d4e4c-67fa-4a08-b01d-f6c6edd40e39"
  Assets:CurrentAssets:Bank:BocSavingBank -798 HKD
  type: "Bill Payment"
  sourceId: "3d0cbf50-7c88-4a81-ba13-910777ccd6a8"
  referenceNo: "83"
  orderId: "c62d4e4c-67fa-4a08-b01d-f6c6edd40e39"
2022-06-10 * "Invoice #47 INV-0069 MR. TSOI TAK"
  Income:Sales:SalesItem:SellBespokeorotherFee -500 HKD
  category: "Other"
  sku: "Processing 006"
  qty: 1
  referenceNo: "47"
  orderId: "87afd091-76b6-4bb4-8ad0-e761a8b6c6c9"
  type: "Invoice Item"
  sourceId: "3d49773b-fc21-47bd-871e-7ca36c516c1b"
  Income:Sales:SalesItem:Sell18kJewelry -4200 HKD
  category: "Ring Setting"
  sku: "DDFFFFFF0B00000000000108"
  qty: 1
  referenceNo: "47"
  orderId: "87afd091-76b6-4bb4-8ad0-e761a8b6c6c9"
  type: "Invoice Item"
  sourceId: "e40944bd-fdee-46ff-b4fa-9c9387b696aa"
  Assets:CurrentAssets:AccountReceivable
  referenceNo: "47"
  orderId: "87afd091-76b6-4bb4-8ad0-e761a8b6c6c9"
  type: "Invoice"
  sourceId: "87afd091-76b6-4bb4-8ad0-e761a8b6c6c9"
  contact: "852 98450587 (MR. TSOI TAK) [7b08524a-e622-4a1d-94c6-93bbae20ae53]"
2022-06-10 * "Bill #567 SI-10266 #0069, 0101"
  referenceNo: "567"
  orderId: "9f429240-cdc6-42c3-af66-d86f1ca89768"
  type: "Bill"
  Expenses:CostOfSales:Purchase:PurchaseItem:Buy18kJewelry 2312 HKD
  category: "Ring Setting"
  sku: "DDFFFFFF0B00000000000108"
  qty: 1
  referenceNo: "567"
  orderId: "9f429240-cdc6-42c3-af66-d86f1ca89768"
  type: "Bill Item"
  sourceId: "ef3df34b-cd6d-4f88-8469-dcab7f5cb180"
  Expenses:CostOfSales:Purchase:PurchaseItem:BuyCost-ProcessingFee 250 HKD
  category: "Other"
  sku: "Processing 027"
  qty: 1
  referenceNo: "567"
  orderId: "9f429240-cdc6-42c3-af66-d86f1ca89768"
  type: "Bill Item"
  sourceId: "7fa9196d-04ae-49eb-a464-d644131fa5a1"
  Assets:CurrentAssets:ShopInventory:Jewelry -250 HKD
  category: "Other"
  sku: "Processing 027"
  qty: -1
  referenceNo: "567"
  orderId: "9f429240-cdc6-42c3-af66-d86f1ca89768"
  type: "Bill Item"
  sourceId: "341c2b92-4a12-45ba-bcff-6e6b8a9b2d43"
  Assets:CurrentAssets:ShopInventory:Jewelry -2403 HKD
  category: "Ring Setting"
  sku: "DDFFFFFF0B00000000000110"
  qty: -1
  referenceNo: "567"
  orderId: "9f429240-cdc6-42c3-af66-d86f1ca89768"
  type: "Bill Item"
  sourceId: "29310043-53da-4ade-824e-83e4080b71e3"
  Assets:CurrentAssets:ShopInventory:Jewelry 2653 HKD
  category: "Ring Setting"
  sku: "DDFFFFFF0B00000000000110"
  qty: 1
  referenceNo: "567"
  orderId: "9f429240-cdc6-42c3-af66-d86f1ca89768"
  type: "Bill Item"
  sourceId: "566f9831-0be6-4856-a26c-45d25e734709"
  Liabilities:CurrentLiabilities:AccountPayable
  referenceNo: "567"
  orderId: "9f429240-cdc6-42c3-af66-d86f1ca89768"
  type: "Bill"
  sourceId: "9f429240-cdc6-42c3-af66-d86f1ca89768"
  contact: "998 12345767 (SkyHigh Holdings Group Ltd) [efdca012-5d6e-4361-8ec7-f5566615d58a]"
2022-06-10 * "Assets:CurrentAssets:Bank:BocSavingBank" "Invoice Payment for Invoice #47 #12edb5ec-0f07-4c58-a32b-ec9e04394df4"
  Assets:CurrentAssets:Bank:BocSavingBank 4700 HKD
  type: "Invoice Payment"
  sourceId: "12edb5ec-0f07-4c58-a32b-ec9e04394df4"
  referenceNo: "47"
  orderId: "87afd091-76b6-4bb4-8ad0-e761a8b6c6c9"
  Assets:CurrentAssets:AccountReceivable -4700 HKD
  type: "Invoice Payment"
  sourceId: "12edb5ec-0f07-4c58-a32b-ec9e04394df4"
  referenceNo: "47"
  orderId: "87afd091-76b6-4bb4-8ad0-e761a8b6c6c9"
  contact: "852 98450587 (MR. TSOI TAK) [7b08524a-e622-4a1d-94c6-93bbae20ae53]"
2022-06-14 * "Assets:CurrentAssets:Bank:KpayBank" "Invoice Payment for Invoice #52 #db934962-6326-44e3-9eeb-798cbfb8f527"
  Assets:CurrentAssets:Bank:KpayBank 17750 HKD
  type: "Invoice Payment"
  sourceId: "db934962-6326-44e3-9eeb-798cbfb8f527"
  referenceNo: "52"
  orderId: "aa85d9cd-b0ba-4531-83af-1b2820590c04"
  Assets:CurrentAssets:AccountReceivable -17750 HKD
  type: "Invoice Payment"
  sourceId: "db934962-6326-44e3-9eeb-798cbfb8f527"
  referenceNo: "52"
  orderId: "aa85d9cd-b0ba-4531-83af-1b2820590c04"
  contact: "852 64479521 (MR. CHUI BRUCE) [d66728f0-7fa6-41e9-a8f0-f4b41687eae0]"
2022-06-14 * "998 12345821 (KPAY) [5a706f32-7edc-48d8-ae47-62fee1e8bba1]" "Bill Payment for Bill #350 #5e3dd6e9-77d4-4afe-9a66-c52290819989"
  contact: "998 12345821 (KPAY) [5a706f32-7edc-48d8-ae47-62fee1e8bba1]"
  Liabilities:CurrentLiabilities:AccountPayable 267.25 HKD
  type: "Bill Payment"
  sourceId: "5e3dd6e9-77d4-4afe-9a66-c52290819989"
  referenceNo: "350"
  orderId: "30ca0c5d-6a81-456d-b8c7-c66ffdea1918"
  Assets:CurrentAssets:Bank:KpayBank -267.25 HKD
  type: "Bill Payment"
  sourceId: "5e3dd6e9-77d4-4afe-9a66-c52290819989"
  referenceNo: "350"
  orderId: "30ca0c5d-6a81-456d-b8c7-c66ffdea1918"
2022-06-16 * "Bill #350 kpay004"
  referenceNo: "350"
  orderId: "30ca0c5d-6a81-456d-b8c7-c66ffdea1918"
  type: "Bill"
  Expenses:CardFeeExpense 267.25 HKD
  qty: "1"
  description: "KPAY FEE"
  referenceNo: "350"
  orderId: "30ca0c5d-6a81-456d-b8c7-c66ffdea1918"
  type: "Bill Item"
  sourceId: "766bfce3-22d8-43d7-a253-6693a2402e21"
  Liabilities:CurrentLiabilities:AccountPayable
  referenceNo: "350"
  orderId: "30ca0c5d-6a81-456d-b8c7-c66ffdea1918"
  type: "Bill"
  sourceId: "30ca0c5d-6a81-456d-b8c7-c66ffdea1918"
  contact: "998 12345821 (KPAY) [5a706f32-7edc-48d8-ae47-62fee1e8bba1]"
2022-06-17 * "Bill #629 SI-10249 #0070, 0075"
  referenceNo: "629"
  orderId: "c0406b3a-e4d5-4b36-ba18-aef86c959c47"
  type: "Bill"
  Expenses:CostOfSales:Purchase:PurchaseItem:Buy18kJewelry 2677 HKD
  category: "Ring Setting"
  sku: "DDFFFFFF0B00000000000022"
  qty: 1
  referenceNo: "629"
  orderId: "c0406b3a-e4d5-4b36-ba18-aef86c959c47"
  type: "Bill Item"
  sourceId: "4adab4d4-0b85-435f-a24a-6aba9f25c712"
  Expenses:CostOfSales:Purchase:PurchaseItem:Buy18kJewelry 2403 HKD
  category: "Ring Setting"
  sku: "DDFFFFFF0B00000000000110"
  qty: 1
  referenceNo: "629"
  orderId: "c0406b3a-e4d5-4b36-ba18-aef86c959c47"
  type: "Bill Item"
  sourceId: "b4fe9fba-6eb0-4fb0-8d26-6cc5618ef87f"
  Expenses:CostOfSales:Purchase:PurchaseItem:BuyCost-ProcessingFee 300 HKD
  category: "Other"
  sku: "Processing 029"
  qty: 1
  referenceNo: "629"
  orderId: "c0406b3a-e4d5-4b36-ba18-aef86c959c47"
  type: "Bill Item"
  sourceId: "947df11e-0a4d-4472-a205-2136f832fdd3"
  Expenses:CostOfSales:Purchase:PurchaseItem:BuyCost-ProcessingFee 300 HKD
  category: "Other"
  sku: "Processing 028"
  qty: 1
  referenceNo: "629"
  orderId: "c0406b3a-e4d5-4b36-ba18-aef86c959c47"
  type: "Bill Item"
  sourceId: "507bb972-8cbf-4c1d-9f96-c5df2839d4a0"
  Assets:CurrentAssets:ShopInventory:Jewelry -300 HKD
  category: "Other"
  sku: "Processing 029"
  qty: -1
  referenceNo: "629"
  orderId: "c0406b3a-e4d5-4b36-ba18-aef86c959c47"
  type: "Bill Item"
  sourceId: "cc614a74-7cb7-474e-be62-a26144a8c46e"
  Assets:CurrentAssets:ShopInventory:Jewelry -1999 HKD
  category: "Ring Setting"
  sku: "DDFFFFFF0B00000000000098"
  qty: -1
  referenceNo: "629"
  orderId: "c0406b3a-e4d5-4b36-ba18-aef86c959c47"
  type: "Bill Item"
  sourceId: "10ef8fd9-f376-41dd-88fd-a5ac6ed8544c"
  Assets:CurrentAssets:ShopInventory:Jewelry 2299 HKD
  category: "Ring Setting"
  sku: "DDFFFFFF0B00000000000098"
  qty: 1
  referenceNo: "629"
  orderId: "c0406b3a-e4d5-4b36-ba18-aef86c959c47"
  type: "Bill Item"
  sourceId: "ee57db9c-e067-4ee3-bcbe-8c9e80e8c8b6"
  Assets:CurrentAssets:ShopInventory:Jewelry 2219 HKD
  category: "Ring Setting"
  sku: "DDFFFFFF0B00000000000106"
  qty: 1
  referenceNo: "629"
  orderId: "c0406b3a-e4d5-4b36-ba18-aef86c959c47"
  type: "Bill Item"
  sourceId: "8e2a4acc-82ef-4054-9f36-cb69195e5ba2"
  Assets:CurrentAssets:ShopInventory:Jewelry -1919 HKD
  category: "Ring Setting"
  sku: "DDFFFFFF0B00000000000106"
  qty: -1
  referenceNo: "629"
  orderId: "c0406b3a-e4d5-4b36-ba18-aef86c959c47"
  type: "Bill Item"
  sourceId: "8b01ac44-0aa2-4dc1-a059-fbcf952afd3d"
  Assets:CurrentAssets:ShopInventory:Jewelry -300 HKD
  category: "Other"
  sku: "Processing 028"
  qty: -1
  referenceNo: "629"
  orderId: "c0406b3a-e4d5-4b36-ba18-aef86c959c47"
  type: "Bill Item"
  sourceId: "208e14c5-2e6f-446f-b2c3-197ebf14c944"
  Liabilities:CurrentLiabilities:AccountPayable
  referenceNo: "629"
  orderId: "c0406b3a-e4d5-4b36-ba18-aef86c959c47"
  type: "Bill"
  sourceId: "c0406b3a-e4d5-4b36-ba18-aef86c959c47"
  contact: "998 12345767 (SkyHigh Holdings Group Ltd) [efdca012-5d6e-4361-8ec7-f5566615d58a]"
2022-06-18 * "Invoice #72 INV-0072"
  Income:Sales:SalesItem:SellDiamond -33700 HKD
  category: "Natural Diamond"
  sku: "DDFFFFFF0800006214720776"
  qty: 1
  referenceNo: "72"
  orderId: "31ab982f-7c3e-49e2-b090-24e3df1e5405"
  type: "Invoice Item"
  sourceId: "4751e8c2-dd89-48aa-b3d1-f3d15494f3c1"
  Income:Sales:SalesItem:Sell18kJewelry -3400 HKD
  category: "Ring Setting"
  sku: "DDFFFFFF0B00000000000110"
  qty: 1
  referenceNo: "72"
  orderId: "31ab982f-7c3e-49e2-b090-24e3df1e5405"
  type: "Invoice Item"
  sourceId: "92fec0d3-2841-4201-90e0-e77adfa93680"
  Assets:CurrentAssets:AccountReceivable
  referenceNo: "72"
  orderId: "31ab982f-7c3e-49e2-b090-24e3df1e5405"
  type: "Invoice"
  sourceId: "31ab982f-7c3e-49e2-b090-24e3df1e5405"
  contact: "852 68456993 (MR. LEE DERRICK) [ac498cc6-39c5-417c-a514-fbb70bbbeee9]"
2022-06-18 * "Invoice #23 INV-0071"
  Income:Sales:SalesItem:SellDiamond -84500 HKD
  category: "Natural Diamond"
  sku: "DDFFFFFF0800002377945199"
  qty: 1
  referenceNo: "23"
  orderId: "31c606d4-433f-4319-a9dd-4c570059dc19"
  type: "Invoice Item"
  sourceId: "f9148f92-9429-4cab-bc5e-dbb2e715fc5b"
  Income:Sales:SalesItem:Sell18kJewelry -0 HKD
  category: "Ring Setting"
  sku: "DDFFFFFF0B00000000000109"
  qty: 1
  referenceNo: "23"
  orderId: "31c606d4-433f-4319-a9dd-4c570059dc19"
  type: "Invoice Item"
  sourceId: "9ad23fd9-4ef4-4131-869e-f0d59bd2340c"
  Assets:CurrentAssets:AccountReceivable
  referenceNo: "23"
  orderId: "31c606d4-433f-4319-a9dd-4c570059dc19"
  type: "Invoice"
  sourceId: "31c606d4-433f-4319-a9dd-4c570059dc19"
  contact: "852 51604819 (MR. LAM MARCUS) [548f6788-4450-4a95-8ff0-5e745316bae3]"
2022-06-18 * "Bill #353 kpay005"
  referenceNo: "353"
  orderId: "df32bcac-19ca-4895-8c3b-60dc3bd19317"
  type: "Bill"
  Expenses:CardFeeExpense 1108.75 HKD
  qty: "1"
  description: "KPAY - KPAY FEE"
  referenceNo: "353"
  orderId: "df32bcac-19ca-4895-8c3b-60dc3bd19317"
  type: "Bill Item"
  sourceId: "ab39c0d5-44eb-4209-9801-21bd489e49f8"
  Liabilities:CurrentLiabilities:AccountPayable
  referenceNo: "353"
  orderId: "df32bcac-19ca-4895-8c3b-60dc3bd19317"
  type: "Bill"
  sourceId: "df32bcac-19ca-4895-8c3b-60dc3bd19317"
  contact: "998 12345821 (KPAY) [5a706f32-7edc-48d8-ae47-62fee1e8bba1]"
2022-06-18 * "Bill #648 SI-10260 #71, 82, 93"
  referenceNo: "648"
  orderId: "15652347-cf9a-4fd3-abb1-0c8468c5f532"
  type: "Bill"
  Expenses:CostOfSales:Purchase:PurchaseItem:Buy18kJewelry 2731 HKD
  category: "Ring Setting"
  sku: "DDFFFFFF0B00000000000129"
  qty: 1
  referenceNo: "648"
  orderId: "15652347-cf9a-4fd3-abb1-0c8468c5f532"
  type: "Bill Item"
  sourceId: "154ce163-7223-4edb-a4f8-fb5ab3eb243e"
  Expenses:CostOfSales:Purchase:PurchaseItem:Buy18kJewelry 2171 HKD
  category: "Ring Setting"
  sku: "DDFFFFFF0B00000000000060"
  qty: 1
  referenceNo: "648"
  orderId: "15652347-cf9a-4fd3-abb1-0c8468c5f532"
  type: "Bill Item"
  sourceId: "53fb0d00-cfe9-4ce6-86ee-442aa29c8ffa"
  Expenses:CostOfSales:Purchase:PurchaseItem:Buy18kJewelry 1524 HKD
  category: "Ring Setting"
  sku: "DDFFFFFF0B00000000000119"
  qty: 1
  referenceNo: "648"
  orderId: "15652347-cf9a-4fd3-abb1-0c8468c5f532"
  type: "Bill Item"
  sourceId: "7dc0ff44-0adf-4eec-9eb6-5a63574a484a"
  Liabilities:CurrentLiabilities:AccountPayable
  referenceNo: "648"
  orderId: "15652347-cf9a-4fd3-abb1-0c8468c5f532"
  type: "Bill"
  sourceId: "15652347-cf9a-4fd3-abb1-0c8468c5f532"
  contact: "998 12345767 (SkyHigh Holdings Group Ltd) [efdca012-5d6e-4361-8ec7-f5566615d58a]"
2022-06-18 * "Assets:CurrentAssets:Bank:KpayBank" "Invoice Payment for Invoice #20 #62ff2756-ed9e-47c3-b017-31c19d4f4db8"
  Assets:CurrentAssets:Bank:KpayBank 2000 HKD
  type: "Invoice Payment"
  sourceId: "62ff2756-ed9e-47c3-b017-31c19d4f4db8"
  referenceNo: "20"
  orderId: "3689c44f-5ed7-4f03-9820-bc5b02c5b19d"
  Assets:CurrentAssets:AccountReceivable -2000 HKD
  type: "Invoice Payment"
  sourceId: "62ff2756-ed9e-47c3-b017-31c19d4f4db8"
  referenceNo: "20"
  orderId: "3689c44f-5ed7-4f03-9820-bc5b02c5b19d"
  contact: "852 95027815 (852 95027815) [dee27669-f975-426f-b393-4ee08adadcb6]"
2022-06-18 * "Assets:CurrentAssets:Bank:KpayBank" "Invoice Payment for Invoice #20 #78bd0622-57d5-480c-a481-81140c53fda4"
  Assets:CurrentAssets:Bank:KpayBank 30000 HKD
  type: "Invoice Payment"
  sourceId: "78bd0622-57d5-480c-a481-81140c53fda4"
  referenceNo: "20"
  orderId: "3689c44f-5ed7-4f03-9820-bc5b02c5b19d"
  Assets:CurrentAssets:AccountReceivable -30000 HKD
  type: "Invoice Payment"
  sourceId: "78bd0622-57d5-480c-a481-81140c53fda4"
  referenceNo: "20"
  orderId: "3689c44f-5ed7-4f03-9820-bc5b02c5b19d"
  contact: "852 95027815 (852 95027815) [dee27669-f975-426f-b393-4ee08adadcb6]"
2022-06-18 * "Assets:CurrentAssets:Bank:KpayBank" "Invoice Payment for Invoice #23 #849ecdb9-85bc-4898-9ff1-a88d626c060f"
  Assets:CurrentAssets:Bank:KpayBank 42250 HKD
  type: "Invoice Payment"
  sourceId: "849ecdb9-85bc-4898-9ff1-a88d626c060f"
  referenceNo: "23"
  orderId: "31c606d4-433f-4319-a9dd-4c570059dc19"
  Assets:CurrentAssets:AccountReceivable -42250 HKD
  type: "Invoice Payment"
  sourceId: "849ecdb9-85bc-4898-9ff1-a88d626c060f"
  referenceNo: "23"
  orderId: "31c606d4-433f-4319-a9dd-4c570059dc19"
  contact: "852 51604819 (MR. LAM MARCUS) [548f6788-4450-4a95-8ff0-5e745316bae3]"
2022-06-18 * "Assets:CurrentAssets:Bank:BocSavingBank" "Invoice Payment for Invoice #72 #ef808e8b-c462-47d1-aab3-0e5b39fd0526"
  Assets:CurrentAssets:Bank:BocSavingBank 5000 HKD
  type: "Invoice Payment"
  sourceId: "ef808e8b-c462-47d1-aab3-0e5b39fd0526"
  referenceNo: "72"
  orderId: "31ab982f-7c3e-49e2-b090-24e3df1e5405"
  Assets:CurrentAssets:AccountReceivable -5000 HKD
  type: "Invoice Payment"
  sourceId: "ef808e8b-c462-47d1-aab3-0e5b39fd0526"
  referenceNo: "72"
  orderId: "31ab982f-7c3e-49e2-b090-24e3df1e5405"
  contact: "852 68456993 (MR. LEE DERRICK) [ac498cc6-39c5-417c-a514-fbb70bbbeee9]"
2022-06-18 * "998 12345821 (KPAY) [5a706f32-7edc-48d8-ae47-62fee1e8bba1]" "Bill Payment for Bill #353 #39dff2c7-b439-4e59-8b4f-c75f189363fd"
  contact: "998 12345821 (KPAY) [5a706f32-7edc-48d8-ae47-62fee1e8bba1]"
  Liabilities:CurrentLiabilities:AccountPayable 1108.75 HKD
  type: "Bill Payment"
  sourceId: "39dff2c7-b439-4e59-8b4f-c75f189363fd"
  referenceNo: "353"
  orderId: "df32bcac-19ca-4895-8c3b-60dc3bd19317"
  Assets:CurrentAssets:Bank:KpayBank -1108.75 HKD
  type: "Bill Payment"
  sourceId: "39dff2c7-b439-4e59-8b4f-c75f189363fd"
  referenceNo: "353"
  orderId: "df32bcac-19ca-4895-8c3b-60dc3bd19317"
2022-06-19 * "Invoice #204 INV-0073"
  Income:Sales:SalesItem:Sell18kJewelry -2425 HKD
  category: "Ring Setting"
  sku: "DDFFFFFF0B00000000000111"
  qty: 1
  referenceNo: "204"
  orderId: "0ccf161f-a3fa-4203-87c4-593ca3344420"
  type: "Invoice Item"
  sourceId: "47cb3514-7bd0-4671-bca9-c4d5d6444b59"
  Income:Sales:SalesItem:SellBespokeorotherFee -41293.44 HKD
  category: "Natural Diamond"
  sku: "DDFFFFFF0800006421497514"
  qty: 1
  referenceNo: "204"
  orderId: "0ccf161f-a3fa-4203-87c4-593ca3344420"
  type: "Invoice Item"
  sourceId: "ad4d305d-fb19-4f3f-ba6d-fa8d82528448"
  Income:Sales:SalesItem:SellBespokeorotherFee -3395.35 HKD
  category: "Jewelry"
  sku: "DDFFFFFF0100000000000023"
  qty: 1
  referenceNo: "204"
  orderId: "0ccf161f-a3fa-4203-87c4-593ca3344420"
  type: "Invoice Item"
  sourceId: "73d1ef17-2bfb-46fe-846c-5bf889a82c83"
  Income:Sales:SalesItem:SellBespokeorotherFee -3686.38 HKD
  category: "Jewelry"
  sku: "DDFFFFFF0100000000000024"
  qty: 1
  referenceNo: "204"
  orderId: "0ccf161f-a3fa-4203-87c4-593ca3344420"
  type: "Invoice Item"
  sourceId: "5d13d212-0895-42aa-af3c-3cf031c4a309"
  Income:Sales:Discount --0.17 HKD
  description: "Waive"
  qty: 1
  referenceNo: "204"
  orderId: "0ccf161f-a3fa-4203-87c4-593ca3344420"
  type: "Invoice Item"
  sourceId: "17d6eb0f-8e57-4bd1-a797-a0e2f5685831"
  Assets:CurrentAssets:AccountReceivable
  referenceNo: "204"
  orderId: "0ccf161f-a3fa-4203-87c4-593ca3344420"
  type: "Invoice"
  sourceId: "0ccf161f-a3fa-4203-87c4-593ca3344420"
  contact: "852 62303775 (MR. TSZ OSCAR) [06ea6b58-da68-47cb-8b2b-debd0a316b60]"
2022-06-19 * "Bill #564 SI-10249-3 #0073"
  referenceNo: "564"
  orderId: "c2f4a415-93ff-4943-b79d-98ff15091b6e"
  type: "Bill"
  Expenses:CostOfSales:Purchase:PurchaseItem:Buy18kJewelry 1942 HKD
  category: "Ring Setting"
  sku: "DDFFFFFF0B00000000000063"
  qty: 1
  referenceNo: "564"
  orderId: "c2f4a415-93ff-4943-b79d-98ff15091b6e"
  type: "Bill Item"
  sourceId: "8c888506-900a-4236-b15a-cf8500d3f648"
  Expenses:CostOfSales:Purchase:PurchaseItem:Buy18kJewelry 2416 HKD
  category: "Ring Setting"
  sku: "DDFFFFFF0B00000000000117"
  qty: 1
  referenceNo: "564"
  orderId: "c2f4a415-93ff-4943-b79d-98ff15091b6e"
  type: "Bill Item"
  sourceId: "c6d3a486-04d4-422d-be81-1cddefe5298b"
  Expenses:CostOfSales:Purchase:PurchaseItem:Buy18kJewelry 2416 HKD
  category: "Ring Setting"
  sku: "DDFFFFFF0B00000000000120"
  qty: 1
  referenceNo: "564"
  orderId: "c2f4a415-93ff-4943-b79d-98ff15091b6e"
  type: "Bill Item"
  sourceId: "b5301945-16f1-4f25-810b-ce2c8142e5e4"
  Expenses:CostOfSales:Purchase:PurchaseItem:BuyCost-ProcessingFee 400 HKD
  category: "Other"
  sku: "Processing 030"
  qty: 1
  referenceNo: "564"
  orderId: "c2f4a415-93ff-4943-b79d-98ff15091b6e"
  type: "Bill Item"
  sourceId: "52e87b89-e487-461d-9d41-18e0773be034"
  Assets:CurrentAssets:ShopInventory:Jewelry -400 HKD
  category: "Other"
  sku: "Processing 030"
  qty: -1
  referenceNo: "564"
  orderId: "c2f4a415-93ff-4943-b79d-98ff15091b6e"
  type: "Bill Item"
  sourceId: "bf85059a-c1e6-420a-ba6b-64472a9e7d33"
  Assets:CurrentAssets:ShopInventory:Jewelry -2261 HKD
  category: "Ring Setting"
  sku: "DDFFFFFF0B00000000000111"
  qty: -1
  referenceNo: "564"
  orderId: "c2f4a415-93ff-4943-b79d-98ff15091b6e"
  type: "Bill Item"
  sourceId: "dd1271dc-9cb3-464a-a159-aa9516a149e6"
  Assets:CurrentAssets:ShopInventory:Jewelry 2661 HKD
  category: "Ring Setting"
  sku: "DDFFFFFF0B00000000000111"
  qty: 1
  referenceNo: "564"
  orderId: "c2f4a415-93ff-4943-b79d-98ff15091b6e"
  type: "Bill Item"
  sourceId: "8f544589-deaf-4a2b-a241-8f146cb8daff"
  Liabilities:CurrentLiabilities:AccountPayable
  referenceNo: "564"
  orderId: "c2f4a415-93ff-4943-b79d-98ff15091b6e"
  type: "Bill"
  sourceId: "c2f4a415-93ff-4943-b79d-98ff15091b6e"
  contact: "998 12345767 (SkyHigh Holdings Group Ltd) [efdca012-5d6e-4361-8ec7-f5566615d58a]"
2022-06-19 * "Bill #172 #0073 GIA PURCHASE, PL/17906/2022 "
  referenceNo: "172"
  orderId: "3a8cecf3-f062-47b6-b98a-94fc4f12056f"
  type: "Bill"
  Expenses:CostOfSales:Purchase:PurchaseItem:BuyBespoke 36353.86 HKD
  category: "Natural Diamond"
  sku: "DDFFFFFF0800006421497514"
  qty: 1
  referenceNo: "172"
  orderId: "3a8cecf3-f062-47b6-b98a-94fc4f12056f"
  type: "Bill Item"
  sourceId: "9178818e-319c-4f05-86ea-f759356dd1e4"
  Liabilities:CurrentLiabilities:AccountPayable
  referenceNo: "172"
  orderId: "3a8cecf3-f062-47b6-b98a-94fc4f12056f"
  type: "Bill"
  sourceId: "3a8cecf3-f062-47b6-b98a-94fc4f12056f"
  contact: "998 12345770 (TWINKLEDIAM HONG KONG LTD) [d2e73164-7688-4f4c-b342-12d5e1a440fc]"
2022-06-19 * "Assets:CurrentAssets:Bank:BocSavingBank" "Invoice Payment for Invoice #204 #b0432d63-5e91-4f24-ae6b-79623627c3c2"
  Assets:CurrentAssets:Bank:BocSavingBank 25000 HKD
  type: "Invoice Payment"
  sourceId: "b0432d63-5e91-4f24-ae6b-79623627c3c2"
  referenceNo: "204"
  orderId: "0ccf161f-a3fa-4203-87c4-593ca3344420"
  Assets:CurrentAssets:AccountReceivable -25000 HKD
  type: "Invoice Payment"
  sourceId: "b0432d63-5e91-4f24-ae6b-79623627c3c2"
  referenceNo: "204"
  orderId: "0ccf161f-a3fa-4203-87c4-593ca3344420"
  contact: "852 62303775 (MR. TSZ OSCAR) [06ea6b58-da68-47cb-8b2b-debd0a316b60]"
2022-06-21 * "Invoice #36 INV-0074 MR. VICTOR WONG"
  Income:Sales:SalesItem:SellDiamond -42200 HKD
  category: "Natural Diamond"
  sku: "DDFFFFFF0800007416334430"
  qty: 1
  referenceNo: "36"
  orderId: "5c14a682-ad36-4ea9-9b59-a31b31468964"
  type: "Invoice Item"
  sourceId: "95958153-fa35-4541-a9ee-59a9c0f47307"
  Income:Sales:SalesItem:Sell18kJewelry -2500 HKD
  category: "Ring Setting"
  sku: "DDFFFFFF0B00000000000112"
  qty: 1
  referenceNo: "36"
  orderId: "5c14a682-ad36-4ea9-9b59-a31b31468964"
  type: "Invoice Item"
  sourceId: "ec414efc-457f-4331-bf95-0281ad368535"
  Assets:CurrentAssets:AccountReceivable
  referenceNo: "36"
  orderId: "5c14a682-ad36-4ea9-9b59-a31b31468964"
  type: "Invoice"
  sourceId: "5c14a682-ad36-4ea9-9b59-a31b31468964"
  contact: "852 67093006 (MR. VICTOR WONG) [c5bf789e-516b-470f-814e-7d0fe5a016f4]"
2022-06-21 * "Invoice #78 INV-0076 MS.TSANG VIVIEN"
  Income:Sales:SalesItem:SellDiamond -42500 HKD
  category: "Natural Diamond"
  sku: "DDFFFFFF0800002426801794"
  qty: 1
  referenceNo: "78"
  orderId: "0a1f3bff-02b3-4add-b923-6bf281bbd8df"
  type: "Invoice Item"
  sourceId: "4b40e8df-c5e7-4707-b58e-fe0478c066de"
  Income:Sales:SalesItem:Sell18kJewelry -7599.76 HKD
  category: "Ring Setting"
  sku: "DDFFFFFF0B00000000000113"
  qty: 1
  referenceNo: "78"
  orderId: "0a1f3bff-02b3-4add-b923-6bf281bbd8df"
  type: "Invoice Item"
  sourceId: "a100f3bc-354c-4e31-a45c-e0cfe7db67ae"
  Assets:CurrentAssets:AccountReceivable
  referenceNo: "78"
  orderId: "0a1f3bff-02b3-4add-b923-6bf281bbd8df"
  type: "Invoice"
  sourceId: "0a1f3bff-02b3-4add-b923-6bf281bbd8df"
  contact: "852 96886258 (MS. TSANG VIVIEN) [0d15c5d9-d2aa-486a-af2f-ccbded919750]"
2022-06-21 * "Bill #351 kpay006"
  referenceNo: "351"
  orderId: "2370f593-85d6-46c1-a797-c45e7cea4e64"
  type: "Bill"
  Expenses:CardFeeExpense 121 HKD
  qty: "1"
  description: "KPAY - KPAY FEE"
  referenceNo: "351"
  orderId: "2370f593-85d6-46c1-a797-c45e7cea4e64"
  type: "Bill Item"
  sourceId: "10e989a8-8df4-478d-ab67-e66b31a784a9"
  Liabilities:CurrentLiabilities:AccountPayable
  referenceNo: "351"
  orderId: "2370f593-85d6-46c1-a797-c45e7cea4e64"
  type: "Bill"
  sourceId: "2370f593-85d6-46c1-a797-c45e7cea4e64"
  contact: "998 12345821 (KPAY) [5a706f32-7edc-48d8-ae47-62fee1e8bba1]"
2022-06-21 * "Bill #153 #0074 GIA PURCHASE, XS22062200256"
  referenceNo: "153"
  orderId: "35999fb9-890a-4940-aeca-171db9be4429"
  type: "Bill"
  Expenses:CostOfSales:Purchase:PurchaseItem:BuyDiamond 37465.22 HKD
  category: "Natural Diamond"
  sku: "DDFFFFFF0800007416334430"
  qty: 1
  referenceNo: "153"
  orderId: "35999fb9-890a-4940-aeca-171db9be4429"
  type: "Bill Item"
  sourceId: "e51bcad9-69c6-4635-b1a7-14af8077f39b"
  Liabilities:CurrentLiabilities:AccountPayable
  referenceNo: "153"
  orderId: "35999fb9-890a-4940-aeca-171db9be4429"
  type: "Bill"
  sourceId: "35999fb9-890a-4940-aeca-171db9be4429"
  contact: "998 12345696 (CHINA STAR) [18f558fe-9c32-4da8-8102-e67648c847a2]"
2022-06-21 * "Bill #163 Bank Fees"
  referenceNo: "163"
  orderId: "27ae4d98-824e-46bd-a692-38e3e32bc735"
  type: "Bill"
  Expenses:BankFeesExpense 55 HKD
  qty: "1"
  description: "Bank Charge"
  referenceNo: "163"
  orderId: "27ae4d98-824e-46bd-a692-38e3e32bc735"
  type: "Bill Item"
  sourceId: "537f25bf-f49e-4c86-b0c8-1bb2dcc3fb5b"
  Liabilities:CurrentLiabilities:AccountPayable
  referenceNo: "163"
  orderId: "27ae4d98-824e-46bd-a692-38e3e32bc735"
  type: "Bill"
  sourceId: "27ae4d98-824e-46bd-a692-38e3e32bc735"
  contact: "880 806 () [53b8789a-4451-4a1f-84f7-a9c5da7ada1a]"
2022-06-21 * "Bill #179 SI-10255 #0076"
  referenceNo: "179"
  orderId: "1bfe3b9d-0652-4b9e-ba0a-fc950d542f9d"
  type: "Bill"
  Expenses:CostOfSales:Purchase:PurchaseItem:Buy18kJewelry 4780 HKD
  category: "Ring Setting"
  sku: "DDFFFFFF0B00000000000113"
  qty: 1
  referenceNo: "179"
  orderId: "1bfe3b9d-0652-4b9e-ba0a-fc950d542f9d"
  type: "Bill Item"
  sourceId: "7b974c88-567c-4569-a365-66b36259aacd"
  Expenses:CostOfSales:Purchase:PurchaseItem:BuyCost-ProcessingFee 400 HKD
  category: "Other"
  sku: "Processing 031"
  qty: 1
  referenceNo: "179"
  orderId: "1bfe3b9d-0652-4b9e-ba0a-fc950d542f9d"
  type: "Bill Item"
  sourceId: "fab393bc-afa7-403c-893f-d854b2450c6f"
  Assets:CurrentAssets:ShopInventory:Jewelry -400 HKD
  category: "Other"
  sku: "Processing 031"
  qty: -1
  referenceNo: "179"
  orderId: "1bfe3b9d-0652-4b9e-ba0a-fc950d542f9d"
  type: "Bill Item"
  sourceId: "9a97403e-23b5-41a7-99f6-74c517ea1f8e"
  Assets:CurrentAssets:ShopInventory:Jewelry -2370 HKD
  category: "Ring Setting"
  sku: "DDFFFFFF0B00000000000116"
  qty: -1
  referenceNo: "179"
  orderId: "1bfe3b9d-0652-4b9e-ba0a-fc950d542f9d"
  type: "Bill Item"
  sourceId: "2e78d27d-4c61-4347-ac02-04f12de770b7"
  Assets:CurrentAssets:ShopInventory:Jewelry 2770 HKD
  category: "Ring Setting"
  sku: "DDFFFFFF0B00000000000116"
  qty: 1
  referenceNo: "179"
  orderId: "1bfe3b9d-0652-4b9e-ba0a-fc950d542f9d"
  type: "Bill Item"
  sourceId: "ca16ab3e-beff-4d49-84bf-4bd700aa883d"
  Liabilities:CurrentLiabilities:AccountPayable
  referenceNo: "179"
  orderId: "1bfe3b9d-0652-4b9e-ba0a-fc950d542f9d"
  type: "Bill"
  sourceId: "1bfe3b9d-0652-4b9e-ba0a-fc950d542f9d"
  contact: "998 12345767 (SkyHigh Holdings Group Ltd) [efdca012-5d6e-4361-8ec7-f5566615d58a]"
2022-06-21 * "Bill #646 SI-10249-2 #0073, 0074"
  referenceNo: "646"
  orderId: "066b442b-3a87-4d4a-9df9-f9298f715d9c"
  type: "Bill"
  Expenses:CostOfSales:Purchase:PurchaseItem:Buy18kJewelry 1747 HKD
  category: "Ring Setting"
  sku: "DDFFFFFF0B00000000000114"
  qty: 1
  referenceNo: "646"
  orderId: "066b442b-3a87-4d4a-9df9-f9298f715d9c"
  type: "Bill Item"
  sourceId: "fc30ac69-b002-4539-bcf2-fbd83cfea686"
  Expenses:CostOfSales:Purchase:PurchaseItem:Buy18kJewelry 1746 HKD
  category: "Ring Setting"
  sku: "DDFFFFFF0B00000000000112"
  qty: 1
  referenceNo: "646"
  orderId: "066b442b-3a87-4d4a-9df9-f9298f715d9c"
  type: "Bill Item"
  sourceId: "b8be7025-90cb-48d2-8421-7a26f204610a"
  Expenses:CostOfSales:Purchase:PurchaseItem:Buy18kJewelry 2261 HKD
  category: "Ring Setting"
  sku: "DDFFFFFF0B00000000000111"
  qty: 1
  referenceNo: "646"
  orderId: "066b442b-3a87-4d4a-9df9-f9298f715d9c"
  type: "Bill Item"
  sourceId: "4291d443-6f7b-4a49-9f56-5f34a268dd8f"
  Expenses:CostOfSales:Purchase:PurchaseItem:BuyCost-ProcessingFee 450 HKD
  category: "Other"
  sku: "Processing 032"
  qty: 1
  referenceNo: "646"
  orderId: "066b442b-3a87-4d4a-9df9-f9298f715d9c"
  type: "Bill Item"
  sourceId: "8262485e-7206-47d1-9800-827e781feb5c"
  Assets:CurrentAssets:ShopInventory:Jewelry -450 HKD
  category: "Other"
  sku: "Processing 032"
  qty: -1
  referenceNo: "646"
  orderId: "066b442b-3a87-4d4a-9df9-f9298f715d9c"
  type: "Bill Item"
  sourceId: "99e4fe09-10b7-4b9e-8f90-c778a7e15b74"
  Assets:CurrentAssets:ShopInventory:Jewelry -1768 HKD
  category: "Ring Setting"
  sku: "DDFFFFFF0B00000000000128"
  qty: -1
  referenceNo: "646"
  orderId: "066b442b-3a87-4d4a-9df9-f9298f715d9c"
  type: "Bill Item"
  sourceId: "540fcc16-3dee-4745-91ea-881475d704ca"
  Assets:CurrentAssets:ShopInventory:Jewelry 2218 HKD
  category: "Ring Setting"
  sku: "DDFFFFFF0B00000000000128"
  qty: 1
  referenceNo: "646"
  orderId: "066b442b-3a87-4d4a-9df9-f9298f715d9c"
  type: "Bill Item"
  sourceId: "e88ef9d8-7b23-414b-837c-774868b606ec"
  Liabilities:CurrentLiabilities:AccountPayable
  referenceNo: "646"
  orderId: "066b442b-3a87-4d4a-9df9-f9298f715d9c"
  type: "Bill"
  sourceId: "066b442b-3a87-4d4a-9df9-f9298f715d9c"
  contact: "998 12345767 (SkyHigh Holdings Group Ltd) [efdca012-5d6e-4361-8ec7-f5566615d58a]"
2022-06-21 * "Bill #180 #0076 GIA PURCHASE, XS22062200256"
  referenceNo: "180"
  orderId: "5b3589ec-e317-4907-8abc-79416f1b9dc7"
  type: "Bill"
  Expenses:CostOfSales:Purchase:PurchaseItem:BuyDiamond 37614.75 HKD
  category: "Natural Diamond"
  sku: "DDFFFFFF0800002426801794"
  qty: 1
  referenceNo: "180"
  orderId: "5b3589ec-e317-4907-8abc-79416f1b9dc7"
  type: "Bill Item"
  sourceId: "8bc333f3-bdd6-4a8e-96ef-4de641c56e1d"
  Liabilities:CurrentLiabilities:AccountPayable
  referenceNo: "180"
  orderId: "5b3589ec-e317-4907-8abc-79416f1b9dc7"
  type: "Bill"
  sourceId: "5b3589ec-e317-4907-8abc-79416f1b9dc7"
  contact: "998 12345696 (CHINA STAR) [18f558fe-9c32-4da8-8102-e67648c847a2]"
2022-06-21 * "Assets:CurrentAssets:Bank:BocSavingBank" "Invoice Payment for Invoice #36 #099b6f17-fc90-409c-b282-2be9f017ee57"
  Assets:CurrentAssets:Bank:BocSavingBank 20000 HKD
  type: "Invoice Payment"
  sourceId: "099b6f17-fc90-409c-b282-2be9f017ee57"
  referenceNo: "36"
  orderId: "5c14a682-ad36-4ea9-9b59-a31b31468964"
  Assets:CurrentAssets:AccountReceivable -20000 HKD
  type: "Invoice Payment"
  sourceId: "099b6f17-fc90-409c-b282-2be9f017ee57"
  referenceNo: "36"
  orderId: "5c14a682-ad36-4ea9-9b59-a31b31468964"
  contact: "852 67093006 (MR. VICTOR WONG) [c5bf789e-516b-470f-814e-7d0fe5a016f4]"
2022-06-21 * "Assets:CurrentAssets:Bank:KpayBank" "Invoice Payment for Invoice #78 #50161c31-19b2-4620-98be-8e3bd1020754"
  Assets:CurrentAssets:Bank:KpayBank 5000 HKD
  type: "Invoice Payment"
  sourceId: "50161c31-19b2-4620-98be-8e3bd1020754"
  referenceNo: "78"
  orderId: "0a1f3bff-02b3-4add-b923-6bf281bbd8df"
  Assets:CurrentAssets:AccountReceivable -5000 HKD
  type: "Invoice Payment"
  sourceId: "50161c31-19b2-4620-98be-8e3bd1020754"
  referenceNo: "78"
  orderId: "0a1f3bff-02b3-4add-b923-6bf281bbd8df"
  contact: "852 96886258 (MS. TSANG VIVIEN) [0d15c5d9-d2aa-486a-af2f-ccbded919750]"
2022-06-21 * "Assets:CurrentAssets:Bank:KpayBank" "Invoice Payment for Invoice #78 #ef347443-d83a-480a-acd1-982d394c37c3"
  Assets:CurrentAssets:Bank:KpayBank 5000 HKD
  type: "Invoice Payment"
  sourceId: "ef347443-d83a-480a-acd1-982d394c37c3"
  referenceNo: "78"
  orderId: "0a1f3bff-02b3-4add-b923-6bf281bbd8df"
  Assets:CurrentAssets:AccountReceivable -5000 HKD
  type: "Invoice Payment"
  sourceId: "ef347443-d83a-480a-acd1-982d394c37c3"
  referenceNo: "78"
  orderId: "0a1f3bff-02b3-4add-b923-6bf281bbd8df"
  contact: "852 96886258 (MS. TSANG VIVIEN) [0d15c5d9-d2aa-486a-af2f-ccbded919750]"
2022-06-21 * "Assets:CurrentAssets:Cash:CashInHand" "Invoice Payment for Invoice #73 #2aaf190c-0a3f-4c6b-aba6-dbc368ba6c61"
  Assets:CurrentAssets:Cash:CashInHand 36000.36 HKD
  type: "Invoice Payment"
  sourceId: "2aaf190c-0a3f-4c6b-aba6-dbc368ba6c61"
  referenceNo: "73"
  orderId: "09392812-ca35-4868-ad78-777318d1c413"
  Assets:CurrentAssets:AccountReceivable -36000.36 HKD
  type: "Invoice Payment"
  sourceId: "2aaf190c-0a3f-4c6b-aba6-dbc368ba6c61"
  referenceNo: "73"
  orderId: "09392812-ca35-4868-ad78-777318d1c413"
  contact: "852 63821125 (MR. ALI) [98403b53-2297-4bd6-a8be-ce845b3e44d7]"
2022-06-21 * "880 806 () [53b8789a-4451-4a1f-84f7-a9c5da7ada1a]" "Bill Payment for Bill #163 #c294da2d-004b-43a7-8389-14a9bedc5344"
  contact: "880 806 () [53b8789a-4451-4a1f-84f7-a9c5da7ada1a]"
  Liabilities:CurrentLiabilities:AccountPayable 55 HKD
  type: "Bill Payment"
  sourceId: "c294da2d-004b-43a7-8389-14a9bedc5344"
  referenceNo: "163"
  orderId: "27ae4d98-824e-46bd-a692-38e3e32bc735"
  Assets:CurrentAssets:Bank:BocSavingBank -55 HKD
  type: "Bill Payment"
  sourceId: "c294da2d-004b-43a7-8389-14a9bedc5344"
  referenceNo: "163"
  orderId: "27ae4d98-824e-46bd-a692-38e3e32bc735"
2022-06-21 * "998 12345696 (CHINA STAR) [18f558fe-9c32-4da8-8102-e67648c847a2]" "Bill Payment for Bill #153 #cf4bffb3-909d-45bf-94f4-147eb015f503"
  contact: "998 12345696 (CHINA STAR) [18f558fe-9c32-4da8-8102-e67648c847a2]"
  Liabilities:CurrentLiabilities:AccountPayable 37465.22 HKD
  type: "Bill Payment"
  sourceId: "cf4bffb3-909d-45bf-94f4-147eb015f503"
  referenceNo: "153"
  orderId: "35999fb9-890a-4940-aeca-171db9be4429"
  Assets:CurrentAssets:Bank:BocSavingBank -37465.22 HKD
  type: "Bill Payment"
  sourceId: "cf4bffb3-909d-45bf-94f4-147eb015f503"
  referenceNo: "153"
  orderId: "35999fb9-890a-4940-aeca-171db9be4429"
2022-06-21 * "998 12345821 (KPAY) [5a706f32-7edc-48d8-ae47-62fee1e8bba1]" "Bill Payment for Bill #351 #38bb4c52-221d-4e3d-9cbb-204a0dec9173"
  contact: "998 12345821 (KPAY) [5a706f32-7edc-48d8-ae47-62fee1e8bba1]"
  Liabilities:CurrentLiabilities:AccountPayable 121 HKD
  type: "Bill Payment"
  sourceId: "38bb4c52-221d-4e3d-9cbb-204a0dec9173"
  referenceNo: "351"
  orderId: "2370f593-85d6-46c1-a797-c45e7cea4e64"
  Assets:CurrentAssets:Bank:KpayBank -121 HKD
  type: "Bill Payment"
  sourceId: "38bb4c52-221d-4e3d-9cbb-204a0dec9173"
  referenceNo: "351"
  orderId: "2370f593-85d6-46c1-a797-c45e7cea4e64"
2022-06-22 * "Invoice #28 INV-0077 MR. CHAN TOMAS"
  Income:Sales:SalesItem:Sell18kJewelry -2500 HKD
  category: "Ring Setting"
  sku: "DDFFFFFF0B00000000000114"
  qty: 1
  referenceNo: "28"
  orderId: "c8180cb9-a3ee-483e-9a98-b1a2313bd6cf"
  type: "Invoice Item"
  sourceId: "67182f3c-6d14-4c5c-bed2-8e35c31ec1da"
  Income:Sales:SalesItem:SellDiamond -22000 HKD
  category: "Natural Diamond"
  sku: "DDFFFFFF0800001389345576"
  qty: 1
  referenceNo: "28"
  orderId: "c8180cb9-a3ee-483e-9a98-b1a2313bd6cf"
  type: "Invoice Item"
  sourceId: "dddd69c7-18d2-428a-838d-bc3520ffaa56"
  Assets:CurrentAssets:AccountReceivable
  referenceNo: "28"
  orderId: "c8180cb9-a3ee-483e-9a98-b1a2313bd6cf"
  type: "Invoice"
  sourceId: "c8180cb9-a3ee-483e-9a98-b1a2313bd6cf"
  contact: "852 54925671 (MR. CHAN TOMAS) [1126d5a9-4895-4405-9519-b11d93fcd143]"
2022-06-22 * "Bill #333 BANK Fee 2202-06-22"
  referenceNo: "333"
  orderId: "8591d29e-d2e2-4531-8b28-aa2e8ad690b2"
  type: "Bill"
  Expenses:BankFeesExpense 55 HKD
  qty: "1"
  description: "BANK Fee"
  referenceNo: "333"
  orderId: "8591d29e-d2e2-4531-8b28-aa2e8ad690b2"
  type: "Bill Item"
  sourceId: "6dfe3308-a3ba-4054-a33e-65d86a35c172"
  Expenses:BankFeesExpense 55 HKD
  qty: "1"
  description: "BANK Fee"
  referenceNo: "333"
  orderId: "8591d29e-d2e2-4531-8b28-aa2e8ad690b2"
  type: "Bill Item"
  sourceId: "c0bfd479-08ea-4f1a-897b-fae5756958f2"
  Liabilities:CurrentLiabilities:AccountPayable
  referenceNo: "333"
  orderId: "8591d29e-d2e2-4531-8b28-aa2e8ad690b2"
  type: "Bill"
  sourceId: "8591d29e-d2e2-4531-8b28-aa2e8ad690b2"
  contact: "880 806 () [53b8789a-4451-4a1f-84f7-a9c5da7ada1a]"
2022-06-22 * "Assets:CurrentAssets:Cash:CashInHand" "Invoice Payment for Invoice #28 #7017456d-f11f-48ab-8949-4c7ca2c2bf19"
  Assets:CurrentAssets:Cash:CashInHand 24500 HKD
  type: "Invoice Payment"
  sourceId: "7017456d-f11f-48ab-8949-4c7ca2c2bf19"
  referenceNo: "28"
  orderId: "c8180cb9-a3ee-483e-9a98-b1a2313bd6cf"
  Assets:CurrentAssets:AccountReceivable -24500 HKD
  type: "Invoice Payment"
  sourceId: "7017456d-f11f-48ab-8949-4c7ca2c2bf19"
  referenceNo: "28"
  orderId: "c8180cb9-a3ee-483e-9a98-b1a2313bd6cf"
  contact: "852 54925671 (MR. CHAN TOMAS) [1126d5a9-4895-4405-9519-b11d93fcd143]"
2022-06-22 * "880 806 () [53b8789a-4451-4a1f-84f7-a9c5da7ada1a]" "Bill Payment for Bill #333 #793d9611-103a-4a86-951d-786100220d45"
  contact: "880 806 () [53b8789a-4451-4a1f-84f7-a9c5da7ada1a]"
  Liabilities:CurrentLiabilities:AccountPayable 55 HKD
  type: "Bill Payment"
  sourceId: "793d9611-103a-4a86-951d-786100220d45"
  referenceNo: "333"
  orderId: "8591d29e-d2e2-4531-8b28-aa2e8ad690b2"
  Assets:CurrentAssets:Bank:BocSavingBank -55 HKD
  type: "Bill Payment"
  sourceId: "793d9611-103a-4a86-951d-786100220d45"
  referenceNo: "333"
  orderId: "8591d29e-d2e2-4531-8b28-aa2e8ad690b2"
2022-06-22 * "998 12345696 (CHINA STAR) [18f558fe-9c32-4da8-8102-e67648c847a2]" "Bill Payment for Bill #180 #3e214468-a0a1-4141-8a9c-74a4a845a6a1"
  contact: "998 12345696 (CHINA STAR) [18f558fe-9c32-4da8-8102-e67648c847a2]"
  Liabilities:CurrentLiabilities:AccountPayable 35253.72 HKD
  type: "Bill Payment"
  sourceId: "3e214468-a0a1-4141-8a9c-74a4a845a6a1"
  referenceNo: "180"
  orderId: "5b3589ec-e317-4907-8abc-79416f1b9dc7"
  Assets:CurrentAssets:Bank:BocSavingBank -35253.72 HKD
  type: "Bill Payment"
  sourceId: "3e214468-a0a1-4141-8a9c-74a4a845a6a1"
  referenceNo: "180"
  orderId: "5b3589ec-e317-4907-8abc-79416f1b9dc7"
2022-06-22 * "998 12345696 (CHINA STAR) [18f558fe-9c32-4da8-8102-e67648c847a2]" "Bill Payment for Bill #180 #06394af5-101c-4abb-9b95-d10c92a51ef9"
  contact: "998 12345696 (CHINA STAR) [18f558fe-9c32-4da8-8102-e67648c847a2]"
  Liabilities:CurrentLiabilities:AccountPayable 2361.03 HKD
  type: "Bill Payment"
  sourceId: "06394af5-101c-4abb-9b95-d10c92a51ef9"
  referenceNo: "180"
  orderId: "5b3589ec-e317-4907-8abc-79416f1b9dc7"
  Assets:CurrentAssets:Bank:BocSavingBank -2361.03 HKD
  type: "Bill Payment"
  sourceId: "06394af5-101c-4abb-9b95-d10c92a51ef9"
  referenceNo: "180"
  orderId: "5b3589ec-e317-4907-8abc-79416f1b9dc7"
2022-06-22 * "880 806 () [53b8789a-4451-4a1f-84f7-a9c5da7ada1a]" "Bill Payment for Bill #333 #e91be551-de0c-498c-84bc-964a9de54722"
  contact: "880 806 () [53b8789a-4451-4a1f-84f7-a9c5da7ada1a]"
  Liabilities:CurrentLiabilities:AccountPayable 55 HKD
  type: "Bill Payment"
  sourceId: "e91be551-de0c-498c-84bc-964a9de54722"
  referenceNo: "333"
  orderId: "8591d29e-d2e2-4531-8b28-aa2e8ad690b2"
  Assets:CurrentAssets:Bank:BocSavingBank -55 HKD
  type: "Bill Payment"
  sourceId: "e91be551-de0c-498c-84bc-964a9de54722"
  referenceNo: "333"
  orderId: "8591d29e-d2e2-4531-8b28-aa2e8ad690b2"
2022-06-23 * "Bill #334 NO.4217 #0077 GIA PURCHASE"
  referenceNo: "334"
  orderId: "b92267f7-000f-4d96-9f04-ffea4feb884f"
  type: "Bill"
  Expenses:CostOfSales:Purchase:PurchaseItem:BuyDiamond 20255.84 HKD
  category: "Natural Diamond"
  sku: "DDFFFFFF0800001389345576"
  qty: 1
  referenceNo: "334"
  orderId: "b92267f7-000f-4d96-9f04-ffea4feb884f"
  type: "Bill Item"
  sourceId: "8d24821d-7a00-40bc-bda3-4e01630d0c69"
  Liabilities:CurrentLiabilities:AccountPayable
  referenceNo: "334"
  orderId: "b92267f7-000f-4d96-9f04-ffea4feb884f"
  type: "Bill"
  sourceId: "b92267f7-000f-4d96-9f04-ffea4feb884f"
  contact: "998 12345759 (SHEETAL (FAR EAST) LIMITED) [17bca8d2-1243-4600-a316-2c2f4ee18a74]"
2022-06-23 * "Bill #181 EX00074 良心企業2022"
  referenceNo: "181"
  orderId: "410ecc62-3090-4b27-81dc-9d75597eb754"
  type: "Bill"
  Expenses:AdvertisingAndBranding 24000 HKD
  category: "CXL - Admin Expense"
  sku: "other - admin (不記倉存)"
  qty: 1
  referenceNo: "181"
  orderId: "410ecc62-3090-4b27-81dc-9d75597eb754"
  type: "Bill Item"
  sourceId: "8298750d-02a4-4c3c-ac2d-2ba37e1f2513"
  Liabilities:CurrentLiabilities:AccountPayable
  referenceNo: "181"
  orderId: "410ecc62-3090-4b27-81dc-9d75597eb754"
  type: "Bill"
  sourceId: "410ecc62-3090-4b27-81dc-9d75597eb754"
  contact: "880 806 () [53b8789a-4451-4a1f-84f7-a9c5da7ada1a]"
2022-06-23 * "880 806 () [53b8789a-4451-4a1f-84f7-a9c5da7ada1a]" "Bill Payment for Bill #181 #6d66668a-81e2-42c4-ba34-a66caaf1aeca"
  contact: "880 806 () [53b8789a-4451-4a1f-84f7-a9c5da7ada1a]"
  Liabilities:CurrentLiabilities:AccountPayable 24000 HKD
  type: "Bill Payment"
  sourceId: "6d66668a-81e2-42c4-ba34-a66caaf1aeca"
  referenceNo: "181"
  orderId: "410ecc62-3090-4b27-81dc-9d75597eb754"
  Assets:CurrentAssets:Bank:BocSavingBank -24000 HKD
  type: "Bill Payment"
  sourceId: "6d66668a-81e2-42c4-ba34-a66caaf1aeca"
  referenceNo: "181"
  orderId: "410ecc62-3090-4b27-81dc-9d75597eb754"
2022-06-23 * "998 12345759 (SHEETAL (FAR EAST) LIMITED) [17bca8d2-1243-4600-a316-2c2f4ee18a74]" "Bill Payment for Bill #334 #6627d975-8bd9-450c-b488-ddc0a994e331"
  contact: "998 12345759 (SHEETAL (FAR EAST) LIMITED) [17bca8d2-1243-4600-a316-2c2f4ee18a74]"
  Liabilities:CurrentLiabilities:AccountPayable 20255.84 HKD
  type: "Bill Payment"
  sourceId: "6627d975-8bd9-450c-b488-ddc0a994e331"
  referenceNo: "334"
  orderId: "b92267f7-000f-4d96-9f04-ffea4feb884f"
  Assets:CurrentAssets:Bank:BocSavingBank -20255.84 HKD
  type: "Bill Payment"
  sourceId: "6627d975-8bd9-450c-b488-ddc0a994e331"
  referenceNo: "334"
  orderId: "b92267f7-000f-4d96-9f04-ffea4feb884f"
2022-06-24 * "Invoice #167 INV-0079"
  Income:Sales:SalesItem:SellBespokeorotherFee -24800 HKD
  category: "Natural Diamond"
  sku: "DDFFFFFF0800006432191300"
  qty: 1
  referenceNo: "167"
  orderId: "b48a3d75-3aa7-4a87-8b11-2f9711c8d2f5"
  type: "Invoice Item"
  sourceId: "2f4426a7-016a-4317-adfa-bbc34bebe469"
  Income:Sales:SalesItem:Sell18kJewelry -1200 HKD
  category: "Ring Setting"
  sku: "DDFFFFFF0B00000000000116"
  qty: 1
  referenceNo: "167"
  orderId: "b48a3d75-3aa7-4a87-8b11-2f9711c8d2f5"
  type: "Invoice Item"
  sourceId: "e02d8ced-05c6-41f5-9a84-b6a434e547a3"
  Assets:CurrentAssets:AccountReceivable
  referenceNo: "167"
  orderId: "b48a3d75-3aa7-4a87-8b11-2f9711c8d2f5"
  type: "Invoice"
  sourceId: "b48a3d75-3aa7-4a87-8b11-2f9711c8d2f5"
  contact: "852 98385534 (MR. CHENG NICKY) [e6a97aed-3f5c-4617-a723-02015f3dbf54]"
2022-06-24 * "Invoice #8 INV-0078"
  Income:Sales:SalesItem:SellBespokeorotherFee -2500 HKD
  category: "Ring Setting"
  sku: "DDFFFFFF0B00000000000115"
  qty: 1
  referenceNo: "8"
  orderId: "0daa4f9c-99da-408e-b28f-b5e88616bc68"
  type: "Invoice Item"
  sourceId: "a2e10703-dad9-4565-a2ec-b0f214cf9b06"
  Income:Sales:SalesItem:SellBespokeorotherFee -36800 HKD
  category: "Natural Diamond"
  sku: "DDFFFFFF0800005393801586"
  qty: 1
  referenceNo: "8"
  orderId: "0daa4f9c-99da-408e-b28f-b5e88616bc68"
  type: "Invoice Item"
  sourceId: "4e3d44aa-154f-4d7f-8679-8e40aa7699aa"
  Assets:CurrentAssets:AccountReceivable
  referenceNo: "8"
  orderId: "0daa4f9c-99da-408e-b28f-b5e88616bc68"
  type: "Invoice"
  sourceId: "0daa4f9c-99da-408e-b28f-b5e88616bc68"
  contact: "852 68990920 (MS. POON PHOEBE) [9d8efe39-6f10-48ab-9e60-e6376bfb0379]"
2022-06-24 * "Bill #185 Bank Fee 2022-06-24"
  referenceNo: "185"
  orderId: "ff7ac435-d341-4c11-a5b2-e4ded3c30169"
  type: "Bill"
  Expenses:BankFeesExpense 25 HKD
  qty: "1"
  description: "Bank Fee"
  referenceNo: "185"
  orderId: "ff7ac435-d341-4c11-a5b2-e4ded3c30169"
  type: "Bill Item"
  sourceId: "029bf880-0983-41b4-9d89-f49d0f6ba203"
  Liabilities:CurrentLiabilities:AccountPayable
  referenceNo: "185"
  orderId: "ff7ac435-d341-4c11-a5b2-e4ded3c30169"
  type: "Bill"
  sourceId: "ff7ac435-d341-4c11-a5b2-e4ded3c30169"
  contact: "880 806 () [53b8789a-4451-4a1f-84f7-a9c5da7ada1a]"
2022-06-24 * "Bill #357 kpay007"
  referenceNo: "357"
  orderId: "82af4947-2f6d-4793-9f99-c06033d12ef5"
  type: "Bill"
  Expenses:CardFeeExpense 151 HKD
  qty: "1"
  description: "KPAY Fee"
  referenceNo: "357"
  orderId: "82af4947-2f6d-4793-9f99-c06033d12ef5"
  type: "Bill Item"
  sourceId: "5cfa8d38-d5f1-470c-a2f4-494311b3c640"
  Liabilities:CurrentLiabilities:AccountPayable
  referenceNo: "357"
  orderId: "82af4947-2f6d-4793-9f99-c06033d12ef5"
  type: "Bill"
  sourceId: "82af4947-2f6d-4793-9f99-c06033d12ef5"
  contact: "998 12345821 (KPAY) [5a706f32-7edc-48d8-ae47-62fee1e8bba1]"
2022-06-24 * "Bill #184 NO#30747 #0079 GIA PURCHASE"
  referenceNo: "184"
  orderId: "55a26a1e-1648-4271-abb7-1c4afa02b416"
  type: "Bill"
  Expenses:CostOfSales:Purchase:PurchaseItem:BuyBespoke 19925.57 HKD
  category: "Natural Diamond"
  sku: "DDFFFFFF0800006432191300"
  qty: 1
  referenceNo: "184"
  orderId: "55a26a1e-1648-4271-abb7-1c4afa02b416"
  type: "Bill Item"
  sourceId: "8437c4fd-144b-4cf7-ba04-bd57099c455b"
  Liabilities:CurrentLiabilities:AccountPayable
  referenceNo: "184"
  orderId: "55a26a1e-1648-4271-abb7-1c4afa02b416"
  type: "Bill"
  sourceId: "55a26a1e-1648-4271-abb7-1c4afa02b416"
  contact: "998 12345709 (EVEREST GEMS LTD) [57b2054c-8a63-41bb-a352-e717f3833104]"
2022-06-24 * "Bill #187 NO.4231 #0078 GIA PURCHASE"
  referenceNo: "187"
  orderId: "586f06c1-fa2c-4348-8722-cd56a83e1342"
  type: "Bill"
  Expenses:CostOfSales:Purchase:PurchaseItem:BuyBespoke 25323.52 HKD
  category: "Natural Diamond"
  sku: "DDFFFFFF0800005393801586"
  qty: 1
  referenceNo: "187"
  orderId: "586f06c1-fa2c-4348-8722-cd56a83e1342"
  type: "Bill Item"
  sourceId: "6a70840e-562c-4c63-9b4a-db04ecc78e1a"
  Liabilities:CurrentLiabilities:AccountPayable
  referenceNo: "187"
  orderId: "586f06c1-fa2c-4348-8722-cd56a83e1342"
  type: "Bill"
  sourceId: "586f06c1-fa2c-4348-8722-cd56a83e1342"
  contact: "998 12345759 (SHEETAL (FAR EAST) LIMITED) [17bca8d2-1243-4600-a316-2c2f4ee18a74]"
2022-06-24 * "Bill #623 SI-10274 #0079"
  referenceNo: "623"
  orderId: "66b5b952-fbf7-4f7c-b719-a7c2e34b014c"
  type: "Bill"
  Expenses:CostOfSales:Purchase:PurchaseItem:Buy18kJewelry 2484 HKD
  category: "Ring Setting"
  sku: "DDFFFFFF0B00000000000090"
  qty: 1
  referenceNo: "623"
  orderId: "66b5b952-fbf7-4f7c-b719-a7c2e34b014c"
  type: "Bill Item"
  sourceId: "4e6d401c-aec4-48ae-873b-080d8eda9c62"
  Liabilities:CurrentLiabilities:AccountPayable
  referenceNo: "623"
  orderId: "66b5b952-fbf7-4f7c-b719-a7c2e34b014c"
  type: "Bill"
  sourceId: "66b5b952-fbf7-4f7c-b719-a7c2e34b014c"
  contact: "998 12345767 (SkyHigh Holdings Group Ltd) [efdca012-5d6e-4361-8ec7-f5566615d58a]"
2022-06-24 * "Bill #653 SI-10249-1 #0069, 0078"
  referenceNo: "653"
  orderId: "71cc1329-7d18-4867-bf5b-28a01677c930"
  type: "Bill"
  Expenses:CostOfSales:Purchase:PurchaseItem:BuyBespoke 2379 HKD
  category: "Ring Setting"
  sku: "DDFFFFFF0B00000000000115"
  qty: 1
  referenceNo: "653"
  orderId: "71cc1329-7d18-4867-bf5b-28a01677c930"
  type: "Bill Item"
  sourceId: "edfe6263-7d2b-4c3e-a266-0ab7907b3a87"
  Expenses:CostOfSales:Purchase:PurchaseItem:BuyCost-ProcessingFee 500 HKD
  category: "Other"
  sku: "Processing 013"
  qty: 1
  referenceNo: "653"
  orderId: "71cc1329-7d18-4867-bf5b-28a01677c930"
  type: "Bill Item"
  sourceId: "a52799b9-1ba9-463f-bde6-da68b159d604"
  Expenses:CostOfSales:Purchase:PurchaseItem:BuyCost-ProcessingFee 350 HKD
  category: "Other"
  sku: "Processing 015"
  qty: 1
  referenceNo: "653"
  orderId: "71cc1329-7d18-4867-bf5b-28a01677c930"
  type: "Bill Item"
  sourceId: "bb9f5ab8-b73c-4f29-93ea-8f81258b2caf"
  Expenses:CostOfSales:Purchase:PurchaseItem:BuyCost-ProcessingFee 300 HKD
  category: "Other"
  sku: "Processing 005"
  qty: 1
  referenceNo: "653"
  orderId: "71cc1329-7d18-4867-bf5b-28a01677c930"
  type: "Bill Item"
  sourceId: "6cfeafca-efd1-4087-a502-c9221de12126"
  Expenses:CostOfSales:Purchase:PurchaseItem:BuyCost-ProcessingFee 350 HKD
  category: "Other"
  sku: "Processing 006"
  qty: 1
  referenceNo: "653"
  orderId: "71cc1329-7d18-4867-bf5b-28a01677c930"
  type: "Bill Item"
  sourceId: "d1c79fb0-812b-4031-9b43-7eaaeddaa1e2"
  Liabilities:CurrentLiabilities:AccountPayable
  referenceNo: "653"
  orderId: "71cc1329-7d18-4867-bf5b-28a01677c930"
  type: "Bill"
  sourceId: "71cc1329-7d18-4867-bf5b-28a01677c930"
  contact: "998 12345767 (SkyHigh Holdings Group Ltd) [efdca012-5d6e-4361-8ec7-f5566615d58a]"
2022-06-24 * "Assets:CurrentAssets:Bank:KpayBank" "Invoice Payment for Invoice #167 #0b4cdfe5-2319-41a9-9187-00c7a4b2bc81"
  Assets:CurrentAssets:Bank:KpayBank 10000 HKD
  type: "Invoice Payment"
  sourceId: "0b4cdfe5-2319-41a9-9187-00c7a4b2bc81"
  referenceNo: "167"
  orderId: "b48a3d75-3aa7-4a87-8b11-2f9711c8d2f5"
  Assets:CurrentAssets:AccountReceivable -10000 HKD
  type: "Invoice Payment"
  sourceId: "0b4cdfe5-2319-41a9-9187-00c7a4b2bc81"
  referenceNo: "167"
  orderId: "b48a3d75-3aa7-4a87-8b11-2f9711c8d2f5"
  contact: "852 98385534 (MR. CHENG NICKY) [e6a97aed-3f5c-4617-a723-02015f3dbf54]"
2022-06-24 * "Assets:CurrentAssets:Bank:BocSavingBank" "Invoice Payment for Invoice #36 #ca4f106e-0a87-4145-a210-638059f29752"
  Assets:CurrentAssets:Bank:BocSavingBank 24700 HKD
  type: "Invoice Payment"
  sourceId: "ca4f106e-0a87-4145-a210-638059f29752"
  referenceNo: "36"
  orderId: "5c14a682-ad36-4ea9-9b59-a31b31468964"
  Assets:CurrentAssets:AccountReceivable -24700 HKD
  type: "Invoice Payment"
  sourceId: "ca4f106e-0a87-4145-a210-638059f29752"
  referenceNo: "36"
  orderId: "5c14a682-ad36-4ea9-9b59-a31b31468964"
  contact: "852 67093006 (MR. VICTOR WONG) [c5bf789e-516b-470f-814e-7d0fe5a016f4]"
2022-06-24 * "Assets:CurrentAssets:Bank:BocSavingBank" "Invoice Payment for Invoice #8 #363a0d7b-7ebe-4043-99b1-35aa447c7a99"
  Assets:CurrentAssets:Bank:BocSavingBank 10000 HKD
  type: "Invoice Payment"
  sourceId: "363a0d7b-7ebe-4043-99b1-35aa447c7a99"
  referenceNo: "8"
  orderId: "0daa4f9c-99da-408e-b28f-b5e88616bc68"
  Assets:CurrentAssets:AccountReceivable -10000 HKD
  type: "Invoice Payment"
  sourceId: "363a0d7b-7ebe-4043-99b1-35aa447c7a99"
  referenceNo: "8"
  orderId: "0daa4f9c-99da-408e-b28f-b5e88616bc68"
  contact: "852 68990920 (MS. POON PHOEBE) [9d8efe39-6f10-48ab-9e60-e6376bfb0379]"
2022-06-24 * "998 12345709 (EVEREST GEMS LTD) [57b2054c-8a63-41bb-a352-e717f3833104]" "Bill Payment for Bill #184 #064fdda6-e08e-476c-a338-3f56613c7f9d"
  contact: "998 12345709 (EVEREST GEMS LTD) [57b2054c-8a63-41bb-a352-e717f3833104]"
  Liabilities:CurrentLiabilities:AccountPayable 19925.57 HKD
  type: "Bill Payment"
  sourceId: "064fdda6-e08e-476c-a338-3f56613c7f9d"
  referenceNo: "184"
  orderId: "55a26a1e-1648-4271-abb7-1c4afa02b416"
  Assets:CurrentAssets:Bank:BocSavingBank -19925.57 HKD
  type: "Bill Payment"
  sourceId: "064fdda6-e08e-476c-a338-3f56613c7f9d"
  referenceNo: "184"
  orderId: "55a26a1e-1648-4271-abb7-1c4afa02b416"
2022-06-24 * "880 806 () [53b8789a-4451-4a1f-84f7-a9c5da7ada1a]" "Bill Payment for Bill #185 #d06b19e9-0e08-4b5d-8cf8-bd5cfc039a32"
  contact: "880 806 () [53b8789a-4451-4a1f-84f7-a9c5da7ada1a]"
  Liabilities:CurrentLiabilities:AccountPayable 25 HKD
  type: "Bill Payment"
  sourceId: "d06b19e9-0e08-4b5d-8cf8-bd5cfc039a32"
  referenceNo: "185"
  orderId: "ff7ac435-d341-4c11-a5b2-e4ded3c30169"
  Assets:CurrentAssets:Bank:BocSavingBank -25 HKD
  type: "Bill Payment"
  sourceId: "d06b19e9-0e08-4b5d-8cf8-bd5cfc039a32"
  referenceNo: "185"
  orderId: "ff7ac435-d341-4c11-a5b2-e4ded3c30169"
2022-06-24 * "998 12345759 (SHEETAL (FAR EAST) LIMITED) [17bca8d2-1243-4600-a316-2c2f4ee18a74]" "Bill Payment for Bill #187 #1019d52d-85cc-4720-bcac-5955bfa3622f"
  contact: "998 12345759 (SHEETAL (FAR EAST) LIMITED) [17bca8d2-1243-4600-a316-2c2f4ee18a74]"
  Liabilities:CurrentLiabilities:AccountPayable 25323.52 HKD
  type: "Bill Payment"
  sourceId: "1019d52d-85cc-4720-bcac-5955bfa3622f"
  referenceNo: "187"
  orderId: "586f06c1-fa2c-4348-8722-cd56a83e1342"
  Assets:CurrentAssets:Bank:BocSavingBank -25323.52 HKD
  type: "Bill Payment"
  sourceId: "1019d52d-85cc-4720-bcac-5955bfa3622f"
  referenceNo: "187"
  orderId: "586f06c1-fa2c-4348-8722-cd56a83e1342"
2022-06-24 * "998 12345821 (KPAY) [5a706f32-7edc-48d8-ae47-62fee1e8bba1]" "Bill Payment for Bill #357 #ec72ee91-432e-46fc-a03c-8850df55efdd"
  contact: "998 12345821 (KPAY) [5a706f32-7edc-48d8-ae47-62fee1e8bba1]"
  Liabilities:CurrentLiabilities:AccountPayable 151 HKD
  type: "Bill Payment"
  sourceId: "ec72ee91-432e-46fc-a03c-8850df55efdd"
  referenceNo: "357"
  orderId: "82af4947-2f6d-4793-9f99-c06033d12ef5"
  Assets:CurrentAssets:Bank:KpayBank -151 HKD
  type: "Bill Payment"
  sourceId: "ec72ee91-432e-46fc-a03c-8850df55efdd"
  referenceNo: "357"
  orderId: "82af4947-2f6d-4793-9f99-c06033d12ef5"
2022-06-25 * "Invoice #200 INV-0080"
  Income:Sales:SalesItem:SellDiamond -36800 HKD
  category: "Natural Diamond"
  sku: "DDFFFFFF0800002434151831"
  qty: 1
  referenceNo: "200"
  orderId: "cf26bcf4-ed4a-4ac5-9a5b-6e65a16623de"
  type: "Invoice Item"
  sourceId: "0a77fa46-3009-419e-8a7a-3cb66c2ef87d"
  Income:Sales:SalesItem:Sell18kJewelry -1200 HKD
  category: "Ring Setting"
  sku: "DDFFFFFF0B00000000000117"
  qty: 1
  referenceNo: "200"
  orderId: "cf26bcf4-ed4a-4ac5-9a5b-6e65a16623de"
  type: "Invoice Item"
  sourceId: "ab0e7d38-fa4c-4e14-8b73-45bee2b4dea7"
  Assets:CurrentAssets:AccountReceivable
  referenceNo: "200"
  orderId: "cf26bcf4-ed4a-4ac5-9a5b-6e65a16623de"
  type: "Invoice"
  sourceId: "cf26bcf4-ed4a-4ac5-9a5b-6e65a16623de"
  contact: "852 66705698 (MR. HUI JANSEN) [5005a168-45d2-467d-804e-274052ab7ea3]"
2022-06-25 * "Assets:CurrentAssets:Bank:BocSavingBank" "Invoice Payment for Invoice #200 #f04b333e-b64a-4f14-8070-d712daeaf27a"
  Assets:CurrentAssets:Bank:BocSavingBank 10000 HKD
  type: "Invoice Payment"
  sourceId: "f04b333e-b64a-4f14-8070-d712daeaf27a"
  referenceNo: "200"
  orderId: "cf26bcf4-ed4a-4ac5-9a5b-6e65a16623de"
  Assets:CurrentAssets:AccountReceivable -10000 HKD
  type: "Invoice Payment"
  sourceId: "f04b333e-b64a-4f14-8070-d712daeaf27a"
  referenceNo: "200"
  orderId: "cf26bcf4-ed4a-4ac5-9a5b-6e65a16623de"
  contact: "852 66705698 (MR. HUI JANSEN) [5005a168-45d2-467d-804e-274052ab7ea3]"
2022-06-27 * "Invoice #146 INV-0081"
  Income:Sales:SalesItem:SellBespokeorotherFee -69800 HKD
  category: "Natural Diamond"
  sku: "DDFFFFFF0800007431342453"
  qty: 1
  referenceNo: "146"
  orderId: "de01be22-0555-46ca-9e6a-8098f6074da7"
  type: "Invoice Item"
  sourceId: "d14501d2-ae2e-40d9-9146-1e4844f6a091"
  Income:Sales:SalesItem:Sell18kJewelry -0 HKD
  category: "Ring Setting"
  sku: "DDFFFFFF0B00000000000118"
  qty: 1
  referenceNo: "146"
  orderId: "de01be22-0555-46ca-9e6a-8098f6074da7"
  type: "Invoice Item"
  sourceId: "4cb5d2b1-74a0-4d85-8807-f794ea950f66"
  Income:Sales:SalesItem:Sell-ForProcess交外廠加工 -0 HKD
  category: "Other"
  sku: "Processing 013"
  qty: 1
  referenceNo: "146"
  orderId: "de01be22-0555-46ca-9e6a-8098f6074da7"
  type: "Invoice Item"
  sourceId: "9cb04847-b147-4448-bdb2-ab878b628513"
  Assets:CurrentAssets:AccountReceivable
  referenceNo: "146"
  orderId: "de01be22-0555-46ca-9e6a-8098f6074da7"
  type: "Invoice"
  sourceId: "de01be22-0555-46ca-9e6a-8098f6074da7"
  contact: "852 95849817 (MR. LEUNG KAI PONG) [75db9950-ca1b-40d2-8561-c645a3b879f8]"
2022-06-27 * "Bill #189 INV-11273 #0081 GIA PURCHASE,"
  referenceNo: "189"
  orderId: "b7936ffe-ef92-4326-8d2d-2eec2db5c0a6"
  type: "Bill"
  Expenses:CostOfSales:Purchase:PurchaseItem:BuyDiamond 60631.9 HKD
  category: "Natural Diamond"
  sku: "DDFFFFFF0800007431342453"
  qty: 1
  referenceNo: "189"
  orderId: "b7936ffe-ef92-4326-8d2d-2eec2db5c0a6"
  type: "Bill Item"
  sourceId: "f625ce28-bb72-4386-9eca-c35ddcab0cd3"
  Liabilities:CurrentLiabilities:AccountPayable
  referenceNo: "189"
  orderId: "b7936ffe-ef92-4326-8d2d-2eec2db5c0a6"
  type: "Bill"
  sourceId: "b7936ffe-ef92-4326-8d2d-2eec2db5c0a6"
  contact: "998 12345729 (KV - KAVIR DIAM HK LTD.) [7ef0aa5f-68f1-4a49-9869-9e016a84db7d]"
2022-06-27 * "Bill #625 SI-10264 #81, 86, 91, 95"
  referenceNo: "625"
  orderId: "72c72dd3-0925-41bb-8161-94e5423462f6"
  type: "Bill"
  Expenses:CostOfSales:Purchase:PurchaseItem:Buy18kJewelry 2051 HKD
  category: "Ring Setting"
  sku: "DDFFFFFF0B00000000000122"
  qty: 1
  referenceNo: "625"
  orderId: "72c72dd3-0925-41bb-8161-94e5423462f6"
  type: "Bill Item"
  sourceId: "39eae37b-de9e-4e92-9c57-4a694f41abc2"
  Expenses:CostOfSales:Purchase:PurchaseItem:Buy18kJewelry 2000 HKD
  category: "Ring Setting"
  sku: "DDFFFFFF0B00000000000127"
  qty: 1
  referenceNo: "625"
  orderId: "72c72dd3-0925-41bb-8161-94e5423462f6"
  type: "Bill Item"
  sourceId: "98c8ad96-4406-4fe1-94f9-ef0256d34840"
  Expenses:CostOfSales:Purchase:PurchaseItem:Buy18kJewelry 1943 HKD
  category: "Ring Setting"
  sku: "DDFFFFFF0B00000000000131"
  qty: 1
  referenceNo: "625"
  orderId: "72c72dd3-0925-41bb-8161-94e5423462f6"
  type: "Bill Item"
  sourceId: "90f02cc2-4abe-4655-998e-0e0891844522"
  Expenses:CostOfSales:Purchase:PurchaseItem:Buy18kJewelry 2364 HKD
  category: "Ring Setting"
  sku: "DDFFFFFF0B00000000000020"
  qty: 1
  referenceNo: "625"
  orderId: "72c72dd3-0925-41bb-8161-94e5423462f6"
  type: "Bill Item"
  sourceId: "e188c9c7-3b44-4261-b3e5-178cc384ab50"
  Liabilities:CurrentLiabilities:AccountPayable
  referenceNo: "625"
  orderId: "72c72dd3-0925-41bb-8161-94e5423462f6"
  type: "Bill"
  sourceId: "72c72dd3-0925-41bb-8161-94e5423462f6"
  contact: "998 12345767 (SkyHigh Holdings Group Ltd) [efdca012-5d6e-4361-8ec7-f5566615d58a]"
2022-06-27 * "Bill #354 kpay008"
  referenceNo: "354"
  orderId: "98f64c47-1fd5-414b-8003-639e36c925f7"
  type: "Bill"
  Expenses:CardFeeExpense 524.5 HKD
  qty: "1"
  description: "KPAY - KPAY FEE"
  referenceNo: "354"
  orderId: "98f64c47-1fd5-414b-8003-639e36c925f7"
  type: "Bill Item"
  sourceId: "5f602385-6452-467c-90ed-2e001ed9283c"
  Liabilities:CurrentLiabilities:AccountPayable
  referenceNo: "354"
  orderId: "98f64c47-1fd5-414b-8003-639e36c925f7"
  type: "Bill"
  sourceId: "98f64c47-1fd5-414b-8003-639e36c925f7"
  contact: "998 12345821 (KPAY) [5a706f32-7edc-48d8-ae47-62fee1e8bba1]"
2022-06-27 * "Bill #190 Bank Fee 2022-06-27"
  referenceNo: "190"
  orderId: "e5bdccfb-9d96-4c27-9f2c-fb56f98fcd43"
  type: "Bill"
  Expenses:BankFeesExpense 55 HKD
  qty: "1"
  description: "Bank Fee"
  referenceNo: "190"
  orderId: "e5bdccfb-9d96-4c27-9f2c-fb56f98fcd43"
  type: "Bill Item"
  sourceId: "5e8458e9-af43-4601-af45-5b112fb1cc2d"
  Expenses:BankFeesExpense 55 HKD
  qty: "1"
  description: "Bank Fee"
  referenceNo: "190"
  orderId: "e5bdccfb-9d96-4c27-9f2c-fb56f98fcd43"
  type: "Bill Item"
  sourceId: "168eda3d-b4ab-4180-b622-cee6442ce5be"
  Expenses:BankFeesExpense 55 HKD
  qty: "1"
  description: "Bank Fee"
  referenceNo: "190"
  orderId: "e5bdccfb-9d96-4c27-9f2c-fb56f98fcd43"
  type: "Bill Item"
  sourceId: "f6f095c1-1137-4f3f-a751-cd9ad49778e2"
  Expenses:BankFeesExpense 100 HKD
  qty: "1"
  description: "Token fee on 23/5/2022"
  referenceNo: "190"
  orderId: "e5bdccfb-9d96-4c27-9f2c-fb56f98fcd43"
  type: "Bill Item"
  sourceId: "bd3ae244-d70e-43a9-8547-7d4253cbb045"
  Liabilities:CurrentLiabilities:AccountPayable
  referenceNo: "190"
  orderId: "e5bdccfb-9d96-4c27-9f2c-fb56f98fcd43"
  type: "Bill"
  sourceId: "e5bdccfb-9d96-4c27-9f2c-fb56f98fcd43"
  contact: "880 806 () [53b8789a-4451-4a1f-84f7-a9c5da7ada1a]"
2022-06-27 * "Assets:CurrentAssets:Bank:KpayBank" "Invoice Payment for Invoice #146 #a6abc5e4-9614-41b8-b473-2397bf29756f"
  Assets:CurrentAssets:Bank:KpayBank 34900 HKD
  type: "Invoice Payment"
  sourceId: "a6abc5e4-9614-41b8-b473-2397bf29756f"
  referenceNo: "146"
  orderId: "de01be22-0555-46ca-9e6a-8098f6074da7"
  Assets:CurrentAssets:AccountReceivable -34900 HKD
  type: "Invoice Payment"
  sourceId: "a6abc5e4-9614-41b8-b473-2397bf29756f"
  referenceNo: "146"
  orderId: "de01be22-0555-46ca-9e6a-8098f6074da7"
  contact: "852 95849817 (MR. LEUNG KAI PONG) [75db9950-ca1b-40d2-8561-c645a3b879f8]"
2022-06-27 * "880 806 () [53b8789a-4451-4a1f-84f7-a9c5da7ada1a]" "Bill Payment for Bill #190 #355c1eab-8f16-411f-aad4-2098f1aa6f2a"
  contact: "880 806 () [53b8789a-4451-4a1f-84f7-a9c5da7ada1a]"
  Liabilities:CurrentLiabilities:AccountPayable 55 HKD
  type: "Bill Payment"
  sourceId: "355c1eab-8f16-411f-aad4-2098f1aa6f2a"
  referenceNo: "190"
  orderId: "e5bdccfb-9d96-4c27-9f2c-fb56f98fcd43"
  Assets:CurrentAssets:Bank:BocSavingBank -55 HKD
  type: "Bill Payment"
  sourceId: "355c1eab-8f16-411f-aad4-2098f1aa6f2a"
  referenceNo: "190"
  orderId: "e5bdccfb-9d96-4c27-9f2c-fb56f98fcd43"
2022-06-27 * "998 12345729 (KV - KAVIR DIAM HK LTD.) [7ef0aa5f-68f1-4a49-9869-9e016a84db7d]" "Bill Payment for Bill #189 #34faefb3-c430-4397-acf7-1b141a2f0d45"
  contact: "998 12345729 (KV - KAVIR DIAM HK LTD.) [7ef0aa5f-68f1-4a49-9869-9e016a84db7d]"
  Liabilities:CurrentLiabilities:AccountPayable 60631.9 HKD
  type: "Bill Payment"
  sourceId: "34faefb3-c430-4397-acf7-1b141a2f0d45"
  referenceNo: "189"
  orderId: "b7936ffe-ef92-4326-8d2d-2eec2db5c0a6"
  Assets:CurrentAssets:Bank:BocSavingBank -60631.9 HKD
  type: "Bill Payment"
  sourceId: "34faefb3-c430-4397-acf7-1b141a2f0d45"
  referenceNo: "189"
  orderId: "b7936ffe-ef92-4326-8d2d-2eec2db5c0a6"
2022-06-27 * "880 806 () [53b8789a-4451-4a1f-84f7-a9c5da7ada1a]" "Bill Payment for Bill #190 #a91c4bb8-687c-43dc-a25a-f44bd29d9547"
  contact: "880 806 () [53b8789a-4451-4a1f-84f7-a9c5da7ada1a]"
  Liabilities:CurrentLiabilities:AccountPayable 100 HKD
  type: "Bill Payment"
  sourceId: "a91c4bb8-687c-43dc-a25a-f44bd29d9547"
  referenceNo: "190"
  orderId: "e5bdccfb-9d96-4c27-9f2c-fb56f98fcd43"
  Assets:CurrentAssets:Bank:BocSavingBank -100 HKD
  type: "Bill Payment"
  sourceId: "a91c4bb8-687c-43dc-a25a-f44bd29d9547"
  referenceNo: "190"
  orderId: "e5bdccfb-9d96-4c27-9f2c-fb56f98fcd43"
2022-06-27 * "998 12345770 (TWINKLEDIAM HONG KONG LTD) [d2e73164-7688-4f4c-b342-12d5e1a440fc]" "Bill Payment for Bill #172 #717b2fed-63af-4c00-a6f2-b6e7d47af5eb"
  contact: "998 12345770 (TWINKLEDIAM HONG KONG LTD) [d2e73164-7688-4f4c-b342-12d5e1a440fc]"
  Liabilities:CurrentLiabilities:AccountPayable 36353.86 HKD
  type: "Bill Payment"
  sourceId: "717b2fed-63af-4c00-a6f2-b6e7d47af5eb"
  referenceNo: "172"
  orderId: "3a8cecf3-f062-47b6-b98a-94fc4f12056f"
  Assets:CurrentAssets:Bank:BocSavingBank -36353.86 HKD
  type: "Bill Payment"
  sourceId: "717b2fed-63af-4c00-a6f2-b6e7d47af5eb"
  referenceNo: "172"
  orderId: "3a8cecf3-f062-47b6-b98a-94fc4f12056f"
2022-06-27 * "880 806 () [53b8789a-4451-4a1f-84f7-a9c5da7ada1a]" "Bill Payment for Bill #190 #57733a8b-e03a-4da3-9201-375b04b9b90a"
  contact: "880 806 () [53b8789a-4451-4a1f-84f7-a9c5da7ada1a]"
  Liabilities:CurrentLiabilities:AccountPayable 55 HKD
  type: "Bill Payment"
  sourceId: "57733a8b-e03a-4da3-9201-375b04b9b90a"
  referenceNo: "190"
  orderId: "e5bdccfb-9d96-4c27-9f2c-fb56f98fcd43"
  Assets:CurrentAssets:Bank:BocSavingBank -55 HKD
  type: "Bill Payment"
  sourceId: "57733a8b-e03a-4da3-9201-375b04b9b90a"
  referenceNo: "190"
  orderId: "e5bdccfb-9d96-4c27-9f2c-fb56f98fcd43"
2022-06-27 * "880 806 () [53b8789a-4451-4a1f-84f7-a9c5da7ada1a]" "Bill Payment for Bill #190 #43b19902-6066-4d50-ad9f-25e249bc4f8f"
  contact: "880 806 () [53b8789a-4451-4a1f-84f7-a9c5da7ada1a]"
  Liabilities:CurrentLiabilities:AccountPayable 55 HKD
  type: "Bill Payment"
  sourceId: "43b19902-6066-4d50-ad9f-25e249bc4f8f"
  referenceNo: "190"
  orderId: "e5bdccfb-9d96-4c27-9f2c-fb56f98fcd43"
  Assets:CurrentAssets:Bank:BocSavingBank -55 HKD
  type: "Bill Payment"
  sourceId: "43b19902-6066-4d50-ad9f-25e249bc4f8f"
  referenceNo: "190"
  orderId: "e5bdccfb-9d96-4c27-9f2c-fb56f98fcd43"
2022-06-27 * "998 12345821 (KPAY) [5a706f32-7edc-48d8-ae47-62fee1e8bba1]" "Bill Payment for Bill #354 #d9f85c90-cf34-490e-9055-a72141d59637"
  contact: "998 12345821 (KPAY) [5a706f32-7edc-48d8-ae47-62fee1e8bba1]"
  Liabilities:CurrentLiabilities:AccountPayable 524.5 HKD
  type: "Bill Payment"
  sourceId: "d9f85c90-cf34-490e-9055-a72141d59637"
  referenceNo: "354"
  orderId: "98f64c47-1fd5-414b-8003-639e36c925f7"
  Assets:CurrentAssets:Bank:KpayBank -524.5 HKD
  type: "Bill Payment"
  sourceId: "d9f85c90-cf34-490e-9055-a72141d59637"
  referenceNo: "354"
  orderId: "98f64c47-1fd5-414b-8003-639e36c925f7"
2022-06-28 * "Invoice #107 INV-0082"
  Income:Sales:SalesItem:Sell18kJewelry -1200 HKD
  category: "Ring Setting"
  sku: "DDFFFFFF0B00000000000119"
  qty: 1
  referenceNo: "107"
  orderId: "1e46f776-9bc2-4d23-8ddc-032f6df3703d"
  type: "Invoice Item"
  sourceId: "53ed78d2-cab5-4f43-bd9f-f5df8c03c6da"
  Income:Sales:SalesItem:SellDiamond -49000 HKD
  category: "Natural Diamond"
  sku: "DDFFFFFF0800005383499545"
  qty: 1
  referenceNo: "107"
  orderId: "1e46f776-9bc2-4d23-8ddc-032f6df3703d"
  type: "Invoice Item"
  sourceId: "415af80f-5191-4af8-9eb4-c12dd7d2152a"
  Assets:CurrentAssets:AccountReceivable
  referenceNo: "107"
  orderId: "1e46f776-9bc2-4d23-8ddc-032f6df3703d"
  type: "Invoice"
  sourceId: "1e46f776-9bc2-4d23-8ddc-032f6df3703d"
  contact: "852 52903558 (MS. NG NAMBE) [0279af68-b140-4542-ba31-76157a649444]"
2022-06-28 * "Bill #363 kpay009"
  referenceNo: "363"
  orderId: "543c41e1-cb87-40c8-ae86-c45e4c586991"
  type: "Bill"
  Expenses:CardFeeExpense 377.5 HKD
  qty: "1"
  description: "KPAY - KPAY FEE"
  referenceNo: "363"
  orderId: "543c41e1-cb87-40c8-ae86-c45e4c586991"
  type: "Bill Item"
  sourceId: "ad052ee5-5ae1-4097-a24f-f6fb16526cac"
  Liabilities:CurrentLiabilities:AccountPayable
  referenceNo: "363"
  orderId: "543c41e1-cb87-40c8-ae86-c45e4c586991"
  type: "Bill"
  sourceId: "543c41e1-cb87-40c8-ae86-c45e4c586991"
  contact: "998 12345821 (KPAY) [5a706f32-7edc-48d8-ae47-62fee1e8bba1]"
2022-06-28 * "Assets:CurrentAssets:Bank:KpayBank" "Invoice Payment for Invoice #107 #518f9e85-7d57-4fc9-ac62-5a9163b08150"
  Assets:CurrentAssets:Bank:KpayBank 25100 HKD
  type: "Invoice Payment"
  sourceId: "518f9e85-7d57-4fc9-ac62-5a9163b08150"
  referenceNo: "107"
  orderId: "1e46f776-9bc2-4d23-8ddc-032f6df3703d"
  Assets:CurrentAssets:AccountReceivable -25100 HKD
  type: "Invoice Payment"
  sourceId: "518f9e85-7d57-4fc9-ac62-5a9163b08150"
  referenceNo: "107"
  orderId: "1e46f776-9bc2-4d23-8ddc-032f6df3703d"
  contact: "852 52903558 (MS. NG NAMBE) [0279af68-b140-4542-ba31-76157a649444]"
2022-06-28 * "998 12345821 (KPAY) [5a706f32-7edc-48d8-ae47-62fee1e8bba1]" "Bill Payment for Bill #363 #651dc455-7d0e-4a29-bea8-b8427e150f78"
  contact: "998 12345821 (KPAY) [5a706f32-7edc-48d8-ae47-62fee1e8bba1]"
  Liabilities:CurrentLiabilities:AccountPayable 377.5 HKD
  type: "Bill Payment"
  sourceId: "651dc455-7d0e-4a29-bea8-b8427e150f78"
  referenceNo: "363"
  orderId: "543c41e1-cb87-40c8-ae86-c45e4c586991"
  Assets:CurrentAssets:Bank:KpayBank -377.5 HKD
  type: "Bill Payment"
  sourceId: "651dc455-7d0e-4a29-bea8-b8427e150f78"
  referenceNo: "363"
  orderId: "543c41e1-cb87-40c8-ae86-c45e4c586991"
2022-06-29 * "Invoice #50 INV-0084"
  Income:Sales:SalesItem:SellBespokeorotherFee -34600 HKD
  category: "Natural Diamond"
  sku: "DDFFFFFF0800001387458788"
  qty: 1
  referenceNo: "50"
  orderId: "c858c7b2-c50d-46e9-826b-ca97e75d7752"
  type: "Invoice Item"
  sourceId: "a754cb19-878b-416f-9ab9-d3fb1b8b76b2"
  Income:Sales:SalesItem:Sell18kJewelry -1400 HKD
  category: "Ring Setting"
  sku: "DDFFFFFF0B00000000000120"
  qty: 1
  referenceNo: "50"
  orderId: "c858c7b2-c50d-46e9-826b-ca97e75d7752"
  type: "Invoice Item"
  sourceId: "6beec264-b9f8-43d0-9526-f91560b7b00a"
  Assets:CurrentAssets:AccountReceivable
  referenceNo: "50"
  orderId: "c858c7b2-c50d-46e9-826b-ca97e75d7752"
  type: "Invoice"
  sourceId: "c858c7b2-c50d-46e9-826b-ca97e75d7752"
  contact: "852 96240922 (MR. YIM CHARLES) [e9c90f50-5f06-4b4e-bb43-8d6f1cc13e77]"
2022-06-29 * "Bill #132 kpay010"
  referenceNo: "132"
  orderId: "a92b799c-925f-444b-9b08-1a9e387c6b20"
  type: "Bill"
  Expenses:CardFeeExpense 415 HKD
  qty: "1"
  description: ""
  referenceNo: "132"
  orderId: "a92b799c-925f-444b-9b08-1a9e387c6b20"
  type: "Bill Item"
  sourceId: "e2a2a34e-7901-4dbd-8f5b-8294b66cf88a"
  Liabilities:CurrentLiabilities:AccountPayable
  referenceNo: "132"
  orderId: "a92b799c-925f-444b-9b08-1a9e387c6b20"
  type: "Bill"
  sourceId: "a92b799c-925f-444b-9b08-1a9e387c6b20"
  contact: "998 12345821 (KPAY) [5a706f32-7edc-48d8-ae47-62fee1e8bba1]"
2022-06-29 * "Assets:CurrentAssets:Bank:KpayBank" "Invoice Payment for Invoice #50 #ea004a3a-5ed5-4fa5-97ed-cfb4b110cd00"
  Assets:CurrentAssets:Bank:KpayBank 18000 HKD
  type: "Invoice Payment"
  sourceId: "ea004a3a-5ed5-4fa5-97ed-cfb4b110cd00"
  referenceNo: "50"
  orderId: "c858c7b2-c50d-46e9-826b-ca97e75d7752"
  Assets:CurrentAssets:AccountReceivable -18000 HKD
  type: "Invoice Payment"
  sourceId: "ea004a3a-5ed5-4fa5-97ed-cfb4b110cd00"
  referenceNo: "50"
  orderId: "c858c7b2-c50d-46e9-826b-ca97e75d7752"
  contact: "852 96240922 (MR. YIM CHARLES) [e9c90f50-5f06-4b4e-bb43-8d6f1cc13e77]"
2022-06-29 * "998 12345821 (KPAY) [5a706f32-7edc-48d8-ae47-62fee1e8bba1]" "Bill Payment for Bill #132 #9af2461d-0c0e-468c-a84c-af564aa2148e"
  contact: "998 12345821 (KPAY) [5a706f32-7edc-48d8-ae47-62fee1e8bba1]"
  Liabilities:CurrentLiabilities:AccountPayable 415 HKD
  type: "Bill Payment"
  sourceId: "9af2461d-0c0e-468c-a84c-af564aa2148e"
  referenceNo: "132"
  orderId: "a92b799c-925f-444b-9b08-1a9e387c6b20"
  Assets:CurrentAssets:Bank:KpayBank -415 HKD
  type: "Bill Payment"
  sourceId: "9af2461d-0c0e-468c-a84c-af564aa2148e"
  referenceNo: "132"
  orderId: "a92b799c-925f-444b-9b08-1a9e387c6b20"
2022-06-30 * "Invoice #30 INV-0085"
  Income:Sales:SalesItem:Sell18kJewelry -0 HKD
  category: "Ring Setting"
  sku: "DDFFFFFF0B00000000000121"
  qty: 1
  referenceNo: "30"
  orderId: "23cdca4d-3fdd-4313-9553-7d69f9dd8180"
  type: "Invoice Item"
  sourceId: "45b58613-a973-4771-a685-a459c7c6fc8f"
  Income:Sales:SalesItem:SellBespokeorotherFee -106300 HKD
  category: "Natural Diamond"
  sku: "DDFFFFFF0800006415962271"
  qty: 1
  referenceNo: "30"
  orderId: "23cdca4d-3fdd-4313-9553-7d69f9dd8180"
  type: "Invoice Item"
  sourceId: "6760201c-ecbd-46de-ae06-b84e72211be4"
  Assets:CurrentAssets:AccountReceivable
  referenceNo: "30"
  orderId: "23cdca4d-3fdd-4313-9553-7d69f9dd8180"
  type: "Invoice"
  sourceId: "23cdca4d-3fdd-4313-9553-7d69f9dd8180"
  contact: "852 62093677 (MR. LI ANTHONY) [66d9bf71-d062-4f2f-9413-6d0391cba3b3]"
2022-06-30 * "Bill #197 XS22071100300 #0085"
  referenceNo: "197"
  orderId: "baa74aa8-165b-494c-bce5-0572d3a0d117"
  type: "Bill"
  Expenses:CostOfSales:Purchase:PurchaseItem:BuyBespoke 88599.66 HKD
  category: "Natural Diamond"
  sku: "DDFFFFFF0800006415962271"
  qty: 1
  referenceNo: "197"
  orderId: "baa74aa8-165b-494c-bce5-0572d3a0d117"
  type: "Bill Item"
  sourceId: "22556b43-7e00-4f21-9623-54a77d01278a"
  Liabilities:CurrentLiabilities:AccountPayable
  referenceNo: "197"
  orderId: "baa74aa8-165b-494c-bce5-0572d3a0d117"
  type: "Bill"
  sourceId: "baa74aa8-165b-494c-bce5-0572d3a0d117"
  contact: "998 12345696 (CHINA STAR) [18f558fe-9c32-4da8-8102-e67648c847a2]"
2022-06-30 * "Bill #364 kpay011"
  referenceNo: "364"
  orderId: "eadd6403-0356-44af-904d-fa28d035861a"
  type: "Bill"
  Expenses:CardFeeExpense 1321.75 HKD
  qty: "1"
  description: "KPAY - KPAY FEE"
  referenceNo: "364"
  orderId: "eadd6403-0356-44af-904d-fa28d035861a"
  type: "Bill Item"
  sourceId: "d375e8a7-2f2c-474c-b9fc-a72ee7150656"
  Liabilities:CurrentLiabilities:AccountPayable
  referenceNo: "364"
  orderId: "eadd6403-0356-44af-904d-fa28d035861a"
  type: "Bill"
  sourceId: "eadd6403-0356-44af-904d-fa28d035861a"
  contact: "998 12345821 (KPAY) [5a706f32-7edc-48d8-ae47-62fee1e8bba1]"
2022-06-30 * "Bill #635 SI-10258 #85, 99"
  referenceNo: "635"
  orderId: "fa08c1be-6e1b-4561-bbf9-c9f4a757a317"
  type: "Bill"
  Expenses:CostOfSales:Purchase:PurchaseItem:Buy18kJewelry 2880 HKD
  category: "Ring Setting"
  sku: "DDFFFFFF0B00000000000121"
  qty: 1
  referenceNo: "635"
  orderId: "fa08c1be-6e1b-4561-bbf9-c9f4a757a317"
  type: "Bill Item"
  sourceId: "6a0d242f-897f-4348-b418-f919a9563a9a"
  Expenses:CostOfSales:Purchase:PurchaseItem:Buy18kJewelry 1824 HKD
  category: "Ring Setting"
  sku: "DDFFFFFF0B00000000000124"
  qty: 1
  referenceNo: "635"
  orderId: "fa08c1be-6e1b-4561-bbf9-c9f4a757a317"
  type: "Bill Item"
  sourceId: "c0f86fce-7881-40f5-8a22-a4c5a56bc9c1"
  Expenses:CostOfSales:Purchase:PurchaseItem:Buy18kJewelry 2354 HKD
  category: "Ring Setting"
  sku: "DDFFFFFF0B00000000000133"
  qty: 1
  referenceNo: "635"
  orderId: "fa08c1be-6e1b-4561-bbf9-c9f4a757a317"
  type: "Bill Item"
  sourceId: "47647d6c-59f8-41c3-a220-390df2e283f8"
  Expenses:CostOfSales:Purchase:PurchaseItem:Buy18kJewelry 2266 HKD
  category: "Ring Setting"
  sku: "DDFFFFFF0B00000000000048"
  qty: 1
  referenceNo: "635"
  orderId: "fa08c1be-6e1b-4561-bbf9-c9f4a757a317"
  type: "Bill Item"
  sourceId: "f19bdd2b-874d-4958-a4f7-00f4641ad551"
  Liabilities:CurrentLiabilities:AccountPayable
  referenceNo: "635"
  orderId: "fa08c1be-6e1b-4561-bbf9-c9f4a757a317"
  type: "Bill"
  sourceId: "fa08c1be-6e1b-4561-bbf9-c9f4a757a317"
  contact: "998 12345767 (SkyHigh Holdings Group Ltd) [efdca012-5d6e-4361-8ec7-f5566615d58a]"
2022-06-30 * "Bill #193 DI-519 2022-23 #0084 GIA PURCHASE"
  referenceNo: "193"
  orderId: "eba08e3a-ba86-4290-93f4-8be7b31d20ad"
  type: "Bill"
  Expenses:CostOfSales:Purchase:PurchaseItem:BuyBespoke 24781.37 HKD
  category: "Natural Diamond"
  sku: "DDFFFFFF0800001387458788"
  qty: 1
  referenceNo: "193"
  orderId: "eba08e3a-ba86-4290-93f4-8be7b31d20ad"
  type: "Bill Item"
  sourceId: "5e653941-9307-4f31-b799-40504778dbef"
  Liabilities:CurrentLiabilities:AccountPayable
  referenceNo: "193"
  orderId: "eba08e3a-ba86-4290-93f4-8be7b31d20ad"
  type: "Bill"
  sourceId: "eba08e3a-ba86-4290-93f4-8be7b31d20ad"
  contact: "998 12345703 (DIAMART (HK)LTD) [8df3094f-07c1-474f-b57e-185730c4762e]"
2022-06-30 * "Assets:CurrentAssets:Bank:KpayBank" "Invoice Payment for Invoice #146 #f5f70d36-5384-4c8b-94c4-d4286214f4ac"
  Assets:CurrentAssets:Bank:KpayBank 34900 HKD
  type: "Invoice Payment"
  sourceId: "f5f70d36-5384-4c8b-94c4-d4286214f4ac"
  referenceNo: "146"
  orderId: "de01be22-0555-46ca-9e6a-8098f6074da7"
  Assets:CurrentAssets:AccountReceivable -34900 HKD
  type: "Invoice Payment"
  sourceId: "f5f70d36-5384-4c8b-94c4-d4286214f4ac"
  referenceNo: "146"
  orderId: "de01be22-0555-46ca-9e6a-8098f6074da7"
  contact: "852 95849817 (MR. LEUNG KAI PONG) [75db9950-ca1b-40d2-8561-c645a3b879f8]"
2022-06-30 * "Assets:CurrentAssets:Bank:KpayBank" "Invoice Payment for Invoice #30 #62c07345-bb81-43a0-bad9-c1c460f2189b"
  Assets:CurrentAssets:Bank:KpayBank 53150 HKD
  type: "Invoice Payment"
  sourceId: "62c07345-bb81-43a0-bad9-c1c460f2189b"
  referenceNo: "30"
  orderId: "23cdca4d-3fdd-4313-9553-7d69f9dd8180"
  Assets:CurrentAssets:AccountReceivable -53150 HKD
  type: "Invoice Payment"
  sourceId: "62c07345-bb81-43a0-bad9-c1c460f2189b"
  referenceNo: "30"
  orderId: "23cdca4d-3fdd-4313-9553-7d69f9dd8180"
  contact: "852 62093677 (MR. LI ANTHONY) [66d9bf71-d062-4f2f-9413-6d0391cba3b3]"
2022-06-30 * "998 12345703 (DIAMART (HK)LTD) [8df3094f-07c1-474f-b57e-185730c4762e]" "Bill Payment for Bill #193 #679d5b3a-c876-4f77-a5d5-151311fb2188"
  contact: "998 12345703 (DIAMART (HK)LTD) [8df3094f-07c1-474f-b57e-185730c4762e]"
  Liabilities:CurrentLiabilities:AccountPayable 24781.37 HKD
  type: "Bill Payment"
  sourceId: "679d5b3a-c876-4f77-a5d5-151311fb2188"
  referenceNo: "193"
  orderId: "eba08e3a-ba86-4290-93f4-8be7b31d20ad"
  Assets:CurrentAssets:Bank:BocSavingBank -24781.37 HKD
  type: "Bill Payment"
  sourceId: "679d5b3a-c876-4f77-a5d5-151311fb2188"
  referenceNo: "193"
  orderId: "eba08e3a-ba86-4290-93f4-8be7b31d20ad"
2022-06-30 * "998 12345821 (KPAY) [5a706f32-7edc-48d8-ae47-62fee1e8bba1]" "Bill Payment for Bill #364 #299f2adf-bca8-4033-a972-c3002e8cd12f"
  contact: "998 12345821 (KPAY) [5a706f32-7edc-48d8-ae47-62fee1e8bba1]"
  Liabilities:CurrentLiabilities:AccountPayable 1321.75 HKD
  type: "Bill Payment"
  sourceId: "299f2adf-bca8-4033-a972-c3002e8cd12f"
  referenceNo: "364"
  orderId: "eadd6403-0356-44af-904d-fa28d035861a"
  Assets:CurrentAssets:Bank:KpayBank -1321.75 HKD
  type: "Bill Payment"
  sourceId: "299f2adf-bca8-4033-a972-c3002e8cd12f"
  referenceNo: "364"
  orderId: "eadd6403-0356-44af-904d-fa28d035861a"