; ORDER transactions for 2022-11

2022-11-01 * "Bill #206 BANK FEE"
  referenceNo: "206"
  orderId: "9753a718-6a5e-49f9-a05b-10e7bd41bb76"
  type: "Bill"
  Expenses:BankFeesExpense 55 HKD
  qty: "1"
  description: "BANK FEE"
  referenceNo: "206"
  orderId: "9753a718-6a5e-49f9-a05b-10e7bd41bb76"
  type: "Bill Item"
  sourceId: "a6703134-c7f5-44f1-925c-f085ea6186a6"
  Liabilities:CurrentLiabilities:AccountPayable
  referenceNo: "206"
  orderId: "9753a718-6a5e-49f9-a05b-10e7bd41bb76"
  type: "Bill"
  sourceId: "9753a718-6a5e-49f9-a05b-10e7bd41bb76"
  contact: "880 806 () [53b8789a-4451-4a1f-84f7-a9c5da7ada1a]"
2022-11-01 * "998 12345727 (KIT - ANKIT GEMS (HONGKONG) LIMITED) [56b80510-8e0c-43fc-9874-96ad8367784d]" "Bill Payment for Bill #138 #8dbd5f16-7b79-43e2-ab34-b78a3ab7cac6"
  contact: "998 12345727 (KIT - ANKIT GEMS (HONGKONG) LIMITED) [56b80510-8e0c-43fc-9874-96ad8367784d]"
  Liabilities:CurrentLiabilities:AccountPayable 53740.57 HKD
  type: "Bill Payment"
  sourceId: "8dbd5f16-7b79-43e2-ab34-b78a3ab7cac6"
  referenceNo: "138"
  orderId: "9175215c-2f61-4f75-bcb4-5366c76019de"
  Assets:CurrentAssets:Bank:BocSavingBank -53740.57 HKD
  type: "Bill Payment"
  sourceId: "8dbd5f16-7b79-43e2-ab34-b78a3ab7cac6"
  referenceNo: "138"
  orderId: "9175215c-2f61-4f75-bcb4-5366c76019de"
2022-11-01 * "880 806 () [53b8789a-4451-4a1f-84f7-a9c5da7ada1a]" "Bill Payment for Bill #206 #59e3a08e-7e61-400f-8ca1-548a2b39d15c"
  contact: "880 806 () [53b8789a-4451-4a1f-84f7-a9c5da7ada1a]"
  Liabilities:CurrentLiabilities:AccountPayable 55 HKD
  type: "Bill Payment"
  sourceId: "59e3a08e-7e61-400f-8ca1-548a2b39d15c"
  referenceNo: "206"
  orderId: "9753a718-6a5e-49f9-a05b-10e7bd41bb76"
  Assets:CurrentAssets:Bank:BocSavingBank -55 HKD
  type: "Bill Payment"
  sourceId: "59e3a08e-7e61-400f-8ca1-548a2b39d15c"
  referenceNo: "206"
  orderId: "9753a718-6a5e-49f9-a05b-10e7bd41bb76"
2022-11-01 * "Bill #433 323 11月2022 租金"
  referenceNo: "433"
  orderId: "a99ed8a4-1a0b-44bc-86cc-d4bbfa0cd8cf"
  type: "Bill"
  Expenses:Rent 17000 HKD
  qty: "1"
  description: "323 11月租金"
  referenceNo: "433"
  orderId: "a99ed8a4-1a0b-44bc-86cc-d4bbfa0cd8cf"
  type: "Bill Item"
  sourceId: "77727227-b4e0-473b-acf3-756c76d0510b"
  Liabilities:CurrentLiabilities:AccountPayable
  referenceNo: "433"
  orderId: "a99ed8a4-1a0b-44bc-86cc-d4bbfa0cd8cf"
  type: "Bill"
  sourceId: "a99ed8a4-1a0b-44bc-86cc-d4bbfa0cd8cf"
  contact: "880 806 () [53b8789a-4451-4a1f-84f7-a9c5da7ada1a]"
2022-11-01 * "880 806 () [53b8789a-4451-4a1f-84f7-a9c5da7ada1a]" "Bill Payment for Bill #433 #4fd6faad-5311-4f61-81b0-f72a90944841"
  contact: "880 806 () [53b8789a-4451-4a1f-84f7-a9c5da7ada1a]"
  Liabilities:CurrentLiabilities:AccountPayable 17000 HKD
  type: "Bill Payment"
  sourceId: "4fd6faad-5311-4f61-81b0-f72a90944841"
  referenceNo: "433"
  orderId: "a99ed8a4-1a0b-44bc-86cc-d4bbfa0cd8cf"
  Assets:CurrentAssets:Bank:BocCurrentBank -17000 HKD
  type: "Bill Payment"
  sourceId: "4fd6faad-5311-4f61-81b0-f72a90944841"
  referenceNo: "433"
  orderId: "a99ed8a4-1a0b-44bc-86cc-d4bbfa0cd8cf"
2022-11-03 * "Bill #291 kpay044"
  referenceNo: "291"
  orderId: "8638320f-19ab-4708-8d30-99956cc70e86"
  type: "Bill"
  Expenses:CardFeeExpense 262 HKD
  qty: "1"
  description: "KPAY FEE"
  referenceNo: "291"
  orderId: "8638320f-19ab-4708-8d30-99956cc70e86"
  type: "Bill Item"
  sourceId: "5f15efb2-761a-4768-8360-4367b79bc28a"
  Liabilities:CurrentLiabilities:AccountPayable
  referenceNo: "291"
  orderId: "8638320f-19ab-4708-8d30-99956cc70e86"
  type: "Bill"
  sourceId: "8638320f-19ab-4708-8d30-99956cc70e86"
  contact: "998 12345821 (KPAY) [5a706f32-7edc-48d8-ae47-62fee1e8bba1]"
2022-11-03 * "Bill #300 SI-10306 #146"
  referenceNo: "300"
  orderId: "2e137607-71b7-4bd7-b940-61eebbae5693"
  type: "Bill"
  Expenses:CostOfSales:Purchase:PurchaseItem:BuyCost-ProcessingFee 350 HKD
  category: "Other"
  sku: "Processing 020"
  qty: 1
  referenceNo: "300"
  orderId: "2e137607-71b7-4bd7-b940-61eebbae5693"
  type: "Bill Item"
  sourceId: "cffaca10-953d-44d4-8dcd-77413b7f8b55"
  Liabilities:CurrentLiabilities:AccountPayable
  referenceNo: "300"
  orderId: "2e137607-71b7-4bd7-b940-61eebbae5693"
  type: "Bill"
  sourceId: "2e137607-71b7-4bd7-b940-61eebbae5693"
  contact: "998 12345767 (SkyHigh Holdings Group Ltd) [efdca012-5d6e-4361-8ec7-f5566615d58a]"
2022-11-03 * "Bill #6 NO SI, #148"
  referenceNo: "6"
  orderId: "7bdcbed9-674f-49e3-8e80-506a26f16564"
  type: "Bill"
  Expenses:CostOfSales:Purchase:PurchaseItem:Buy18kJewelry 1891 HKD
  category: "Ring Setting"
  sku: "DDFFFFFF0B00000000000153"
  qty: 1
  referenceNo: "6"
  orderId: "7bdcbed9-674f-49e3-8e80-506a26f16564"
  type: "Bill Item"
  sourceId: "d0fc3504-5b8c-4a13-af08-e9ca5ad615f2"
  Liabilities:CurrentLiabilities:AccountPayable
  referenceNo: "6"
  orderId: "7bdcbed9-674f-49e3-8e80-506a26f16564"
  type: "Bill"
  sourceId: "7bdcbed9-674f-49e3-8e80-506a26f16564"
  contact: "998 12345767 (SkyHigh Holdings Group Ltd) [efdca012-5d6e-4361-8ec7-f5566615d58a]"
2022-11-03 * "Assets:CurrentAssets:Bank:KpayBank" "Invoice Payment for Invoice #174 #b38c13ac-fba0-4dc8-bae3-e225cefdb48f"
  Assets:CurrentAssets:Bank:KpayBank 17400 HKD
  type: "Invoice Payment"
  sourceId: "b38c13ac-fba0-4dc8-bae3-e225cefdb48f"
  referenceNo: "174"
  orderId: "8abbc51d-e81e-4ce1-90b7-9031f3567d8a"
  Assets:CurrentAssets:AccountReceivable -17400 HKD
  type: "Invoice Payment"
  sourceId: "b38c13ac-fba0-4dc8-bae3-e225cefdb48f"
  referenceNo: "174"
  orderId: "8abbc51d-e81e-4ce1-90b7-9031f3567d8a"
  contact: "852 92504797 (MR. SHUM FRANKIE) [38eac647-9734-412a-ace4-3cdf1f31d149]"
2022-11-03 * "998 12345821 (KPAY) [5a706f32-7edc-48d8-ae47-62fee1e8bba1]" "Bill Payment for Bill #291 #4df4c2e7-80ae-47be-a816-ed56fae85d3d"
  contact: "998 12345821 (KPAY) [5a706f32-7edc-48d8-ae47-62fee1e8bba1]"
  Liabilities:CurrentLiabilities:AccountPayable 262 HKD
  type: "Bill Payment"
  sourceId: "4df4c2e7-80ae-47be-a816-ed56fae85d3d"
  referenceNo: "291"
  orderId: "8638320f-19ab-4708-8d30-99956cc70e86"
  Assets:CurrentAssets:Bank:KpayBank -262 HKD
  type: "Bill Payment"
  sourceId: "4df4c2e7-80ae-47be-a816-ed56fae85d3d"
  referenceNo: "291"
  orderId: "8638320f-19ab-4708-8d30-99956cc70e86"
2022-11-04 * "Bill #301 kpay045"
  referenceNo: "301"
  orderId: "ce7a1760-6c38-4a61-b78f-780868721a5a"
  type: "Bill"
  Expenses:CardFeeExpense 1747 HKD
  qty: "1"
  description: "KPAY FEE"
  referenceNo: "301"
  orderId: "ce7a1760-6c38-4a61-b78f-780868721a5a"
  type: "Bill Item"
  sourceId: "c1ed53a0-02c3-4c57-a52b-2ed4eb10e451"
  Liabilities:CurrentLiabilities:AccountPayable
  referenceNo: "301"
  orderId: "ce7a1760-6c38-4a61-b78f-780868721a5a"
  type: "Bill"
  sourceId: "ce7a1760-6c38-4a61-b78f-780868721a5a"
  contact: "998 12345821 (KPAY) [5a706f32-7edc-48d8-ae47-62fee1e8bba1]"
2022-11-04 * "Assets:CurrentAssets:Bank:BocSavingBank" "Invoice Payment for Invoice #85 #daf1bd59-87a6-4884-ae94-b962b11c5f4e"
  Assets:CurrentAssets:Bank:BocSavingBank 23900 HKD
  type: "Invoice Payment"
  sourceId: "daf1bd59-87a6-4884-ae94-b962b11c5f4e"
  referenceNo: "85"
  orderId: "d156ed95-7117-4429-947d-403b8968148f"
  Assets:CurrentAssets:AccountReceivable -23900 HKD
  type: "Invoice Payment"
  sourceId: "daf1bd59-87a6-4884-ae94-b962b11c5f4e"
  referenceNo: "85"
  orderId: "d156ed95-7117-4429-947d-403b8968148f"
  contact: "852 53994944 (MR. CHEUNG AYDEN) [20167680-4153-43dd-a970-dff19db6a781]"
2022-11-04 * "Assets:CurrentAssets:Bank:KpayBank" "Invoice Payment for Invoice #82 #871136c5-c860-4e56-9aaf-603c759a035f"
  Assets:CurrentAssets:Bank:KpayBank 116400 HKD
  type: "Invoice Payment"
  sourceId: "871136c5-c860-4e56-9aaf-603c759a035f"
  referenceNo: "82"
  orderId: "5ea52e1c-2121-48ad-8c21-e3af791f8a86"
  Assets:CurrentAssets:AccountReceivable -116400 HKD
  type: "Invoice Payment"
  sourceId: "871136c5-c860-4e56-9aaf-603c759a035f"
  referenceNo: "82"
  orderId: "5ea52e1c-2121-48ad-8c21-e3af791f8a86"
  contact: "852 97871622 (MR. TANG RAYMOND) [adb81ba5-9fca-4071-96c9-9ab337011447]"
2022-11-04 * "998 12345821 (KPAY) [5a706f32-7edc-48d8-ae47-62fee1e8bba1]" "Bill Payment for Bill #301 #7718b7da-aeb3-4455-9d03-9bd268328a95"
  contact: "998 12345821 (KPAY) [5a706f32-7edc-48d8-ae47-62fee1e8bba1]"
  Liabilities:CurrentLiabilities:AccountPayable 1747 HKD
  type: "Bill Payment"
  sourceId: "7718b7da-aeb3-4455-9d03-9bd268328a95"
  referenceNo: "301"
  orderId: "ce7a1760-6c38-4a61-b78f-780868721a5a"
  Assets:CurrentAssets:Bank:KpayBank -1747 HKD
  type: "Bill Payment"
  sourceId: "7718b7da-aeb3-4455-9d03-9bd268328a95"
  referenceNo: "301"
  orderId: "ce7a1760-6c38-4a61-b78f-780868721a5a"
2022-11-07 * "Invoice #198 INV-0149 MR. NEIL"
  Income:Sales:Discount --300 HKD
  description: "STAFF DISCOUNT"
  qty: 1
  referenceNo: "198"
  orderId: "6a1e2515-031d-40a4-ac6b-d19e60735235"
  type: "Invoice Item"
  sourceId: "1192b83e-78bc-4f23-adfb-5a0ab1573e84"
  Income:Sales:SalesItem:SellDiamond -53800 HKD
  category: "Natural Diamond"
  sku: "DDFFFFFF0800007443269143"
  qty: 1
  referenceNo: "198"
  orderId: "6a1e2515-031d-40a4-ac6b-d19e60735235"
  type: "Invoice Item"
  sourceId: "b0f64b04-33cd-4673-9349-d1b64700fcba"
  Income:Sales:SalesItem:Sell18kJewelry -3500 HKD
  category: "Ring Setting"
  sku: "DDFFFFFF0B00000000000154"
  qty: 1
  referenceNo: "198"
  orderId: "6a1e2515-031d-40a4-ac6b-d19e60735235"
  type: "Invoice Item"
  sourceId: "48c2e7e0-8478-40aa-bf6d-4d59c791b86f"
  Assets:CurrentAssets:AccountReceivable
  referenceNo: "198"
  orderId: "6a1e2515-031d-40a4-ac6b-d19e60735235"
  type: "Invoice"
  sourceId: "6a1e2515-031d-40a4-ac6b-d19e60735235"
  contact: "852 67684452 (MR. NEIL) [cea70065-ed01-46a2-aba1-41406bdfdf6c]"
2022-11-07 * "Bill #202 kpay046"
  referenceNo: "202"
  orderId: "e3c06d46-f9c3-492d-a5ba-96c3b092bf40"
  type: "Bill"
  Expenses:CardFeeExpense 151 HKD
  qty: "1"
  description: "KPAY FEE"
  referenceNo: "202"
  orderId: "e3c06d46-f9c3-492d-a5ba-96c3b092bf40"
  type: "Bill Item"
  sourceId: "4d52621e-44ef-407f-b4b9-8c88d444749b"
  Liabilities:CurrentLiabilities:AccountPayable
  referenceNo: "202"
  orderId: "e3c06d46-f9c3-492d-a5ba-96c3b092bf40"
  type: "Bill"
  sourceId: "e3c06d46-f9c3-492d-a5ba-96c3b092bf40"
  contact: "998 12345821 (KPAY) [5a706f32-7edc-48d8-ae47-62fee1e8bba1]"
2022-11-07 * "Assets:CurrentAssets:Bank:KpayBank" "Invoice Payment for Invoice #198 #ac42bce8-9694-4382-8d1f-4254ef5915e4"
  Assets:CurrentAssets:Bank:KpayBank 10000 HKD
  type: "Invoice Payment"
  sourceId: "ac42bce8-9694-4382-8d1f-4254ef5915e4"
  referenceNo: "198"
  orderId: "6a1e2515-031d-40a4-ac6b-d19e60735235"
  Assets:CurrentAssets:AccountReceivable -10000 HKD
  type: "Invoice Payment"
  sourceId: "ac42bce8-9694-4382-8d1f-4254ef5915e4"
  referenceNo: "198"
  orderId: "6a1e2515-031d-40a4-ac6b-d19e60735235"
  contact: "852 67684452 (MR. NEIL) [cea70065-ed01-46a2-aba1-41406bdfdf6c]"
2022-11-07 * "998 12345821 (KPAY) [5a706f32-7edc-48d8-ae47-62fee1e8bba1]" "Bill Payment for Bill #202 #100c25e7-80c4-47f4-9a2c-aef148559343"
  contact: "998 12345821 (KPAY) [5a706f32-7edc-48d8-ae47-62fee1e8bba1]"
  Liabilities:CurrentLiabilities:AccountPayable 151 HKD
  type: "Bill Payment"
  sourceId: "100c25e7-80c4-47f4-9a2c-aef148559343"
  referenceNo: "202"
  orderId: "e3c06d46-f9c3-492d-a5ba-96c3b092bf40"
  Assets:CurrentAssets:Bank:KpayBank -151 HKD
  type: "Bill Payment"
  sourceId: "100c25e7-80c4-47f4-9a2c-aef148559343"
  referenceNo: "202"
  orderId: "e3c06d46-f9c3-492d-a5ba-96c3b092bf40"
2022-11-08 * "Bill #207 #0149 GIA PURCHASE, NO.16147"
  referenceNo: "207"
  orderId: "68719e95-94db-446d-a45b-3d8ebc542474"
  type: "Bill"
  Expenses:CostOfSales:Purchase:PurchaseItem:BuyDiamond 44839.92 HKD
  category: "Natural Diamond"
  sku: "DDFFFFFF0800007443269143"
  qty: 1
  referenceNo: "207"
  orderId: "68719e95-94db-446d-a45b-3d8ebc542474"
  type: "Bill Item"
  sourceId: "b5c82e22-7057-440a-ace5-dd1fecc89cbe"
  Liabilities:CurrentLiabilities:AccountPayable
  referenceNo: "207"
  orderId: "68719e95-94db-446d-a45b-3d8ebc542474"
  type: "Bill"
  sourceId: "68719e95-94db-446d-a45b-3d8ebc542474"
  contact: "998 12345736 (NIR - NIRGEM HK LTD) [8979a6d1-c679-4c44-b653-d7c38424809b]"
2022-11-10 * "Bill #303 kpay047"
  referenceNo: "303"
  orderId: "c01dfb05-2dbd-479a-8e01-b676b68209cd"
  type: "Bill"
  Expenses:CardFeeExpense 427 HKD
  qty: "1"
  description: "KPAY FEE"
  referenceNo: "303"
  orderId: "c01dfb05-2dbd-479a-8e01-b676b68209cd"
  type: "Bill Item"
  sourceId: "1f4b18e1-938b-45e8-8267-08a29e4ec2f1"
  Liabilities:CurrentLiabilities:AccountPayable
  referenceNo: "303"
  orderId: "c01dfb05-2dbd-479a-8e01-b676b68209cd"
  type: "Bill"
  sourceId: "c01dfb05-2dbd-479a-8e01-b676b68209cd"
  contact: "998 12345821 (KPAY) [5a706f32-7edc-48d8-ae47-62fee1e8bba1]"
2022-11-10 * "Assets:CurrentAssets:Bank:KpayBank" "Invoice Payment for Invoice #188 #83156edd-7872-4fe9-9803-94cc2120a47c"
  Assets:CurrentAssets:Bank:KpayBank 28400 HKD
  type: "Invoice Payment"
  sourceId: "83156edd-7872-4fe9-9803-94cc2120a47c"
  referenceNo: "188"
  orderId: "6533145e-bd7e-4a5d-b7ab-6084ed614342"
  Assets:CurrentAssets:AccountReceivable -28400 HKD
  type: "Invoice Payment"
  sourceId: "83156edd-7872-4fe9-9803-94cc2120a47c"
  referenceNo: "188"
  orderId: "6533145e-bd7e-4a5d-b7ab-6084ed614342"
  contact: "852 64004405 (MR. CHAN MATTHEW) [70e16f3f-4390-49bd-9251-9b3deb543655]"
2022-11-10 * "998 12345736 (NIR - NIRGEM HK LTD) [8979a6d1-c679-4c44-b653-d7c38424809b]" "Bill Payment for Bill #207 #9b533530-226d-45c0-9e74-11f829f40fc6"
  contact: "998 12345736 (NIR - NIRGEM HK LTD) [8979a6d1-c679-4c44-b653-d7c38424809b]"
  Liabilities:CurrentLiabilities:AccountPayable 44839.92 HKD
  type: "Bill Payment"
  sourceId: "9b533530-226d-45c0-9e74-11f829f40fc6"
  referenceNo: "207"
  orderId: "68719e95-94db-446d-a45b-3d8ebc542474"
  Assets:CurrentAssets:Bank:BocSavingBank -44839.92 HKD
  type: "Bill Payment"
  sourceId: "9b533530-226d-45c0-9e74-11f829f40fc6"
  referenceNo: "207"
  orderId: "68719e95-94db-446d-a45b-3d8ebc542474"
2022-11-10 * "998 12345821 (KPAY) [5a706f32-7edc-48d8-ae47-62fee1e8bba1]" "Bill Payment for Bill #303 #fc4f9a69-e886-4adf-9062-2098f27a9ece"
  contact: "998 12345821 (KPAY) [5a706f32-7edc-48d8-ae47-62fee1e8bba1]"
  Liabilities:CurrentLiabilities:AccountPayable 427 HKD
  type: "Bill Payment"
  sourceId: "fc4f9a69-e886-4adf-9062-2098f27a9ece"
  referenceNo: "303"
  orderId: "c01dfb05-2dbd-479a-8e01-b676b68209cd"
  Assets:CurrentAssets:Bank:KpayBank -427 HKD
  type: "Bill Payment"
  sourceId: "fc4f9a69-e886-4adf-9062-2098f27a9ece"
  referenceNo: "303"
  orderId: "c01dfb05-2dbd-479a-8e01-b676b68209cd"
2022-11-13 * "Bill #239 ADS*2W8JAKPZM2"
  referenceNo: "239"
  orderId: "988a9ac6-ca16-41fb-b512-1c7b39a4af9f"
  type: "Bill"
  Expenses:AdvertisingAndBranding 5601.61 HKD
  qty: "1"
  description: "ADS*2W8JAKPZM2"
  referenceNo: "239"
  orderId: "988a9ac6-ca16-41fb-b512-1c7b39a4af9f"
  type: "Bill Item"
  sourceId: "d138034f-d611-4da9-8177-bd3701a1e31e"
  Liabilities:CurrentLiabilities:AccountPayable
  referenceNo: "239"
  orderId: "988a9ac6-ca16-41fb-b512-1c7b39a4af9f"
  type: "Bill"
  sourceId: "988a9ac6-ca16-41fb-b512-1c7b39a4af9f"
  contact: "880 806 () [53b8789a-4451-4a1f-84f7-a9c5da7ada1a]"
2022-11-13 * "Bill #389 OVERSEA TRANSACTION FEE"
  referenceNo: "389"
  orderId: "9f4ce210-ba09-460c-965a-bd2ee076c176"
  type: "Bill"
  Expenses:BankFeesExpense 44.81 HKD
  qty: "1"
  description: "OVERSEA TRANSACTION FEE"
  referenceNo: "389"
  orderId: "9f4ce210-ba09-460c-965a-bd2ee076c176"
  type: "Bill Item"
  sourceId: "dc58282f-b7ab-49a9-81e6-75602ff9993d"
  Liabilities:CurrentLiabilities:AccountPayable
  referenceNo: "389"
  orderId: "9f4ce210-ba09-460c-965a-bd2ee076c176"
  type: "Bill"
  sourceId: "9f4ce210-ba09-460c-965a-bd2ee076c176"
  contact: "998 12345835 (boc(bank of china)) [82f385a7-d238-4826-9a12-e06648f93cdb]"
2022-11-13 * "880 806 () [53b8789a-4451-4a1f-84f7-a9c5da7ada1a]" "Bill Payment for Bill #239 #a393dfa5-dd33-44a7-a174-d581ddf312f6"
  contact: "880 806 () [53b8789a-4451-4a1f-84f7-a9c5da7ada1a]"
  Liabilities:CurrentLiabilities:AccountPayable 5601.61 HKD
  type: "Bill Payment"
  sourceId: "a393dfa5-dd33-44a7-a174-d581ddf312f6"
  referenceNo: "239"
  orderId: "988a9ac6-ca16-41fb-b512-1c7b39a4af9f"
  Assets:CurrentAssets:Bank:BocVisaCard-DavidBank -5601.61 HKD
  type: "Bill Payment"
  sourceId: "a393dfa5-dd33-44a7-a174-d581ddf312f6"
  referenceNo: "239"
  orderId: "988a9ac6-ca16-41fb-b512-1c7b39a4af9f"
2022-11-13 * "998 12345835 (boc(bank of china)) [82f385a7-d238-4826-9a12-e06648f93cdb]" "Bill Payment for Bill #389 #f2197fa7-1275-4cf8-85b5-1db2fb722ed6"
  contact: "998 12345835 (boc(bank of china)) [82f385a7-d238-4826-9a12-e06648f93cdb]"
  Liabilities:CurrentLiabilities:AccountPayable 44.81 HKD
  type: "Bill Payment"
  sourceId: "f2197fa7-1275-4cf8-85b5-1db2fb722ed6"
  referenceNo: "389"
  orderId: "9f4ce210-ba09-460c-965a-bd2ee076c176"
  Assets:CurrentAssets:Bank:BocVisaCard-DavidBank -44.81 HKD
  type: "Bill Payment"
  sourceId: "f2197fa7-1275-4cf8-85b5-1db2fb722ed6"
  referenceNo: "389"
  orderId: "9f4ce210-ba09-460c-965a-bd2ee076c176"
2022-11-14 * "Bill #270 EX00086 EPS 10月手續費"
  referenceNo: "270"
  orderId: "06c3b928-1c0d-4303-ba4b-a45f998a60e9"
  type: "Bill"
  Expenses:BankFeesExpense 768.22 HKD
  qty: "1"
  description: "EPS 10月手續費"
  referenceNo: "270"
  orderId: "06c3b928-1c0d-4303-ba4b-a45f998a60e9"
  type: "Bill Item"
  sourceId: "82ae4c32-364f-4537-bbe6-4caca7de1d16"
  Liabilities:CurrentLiabilities:AccountPayable
  referenceNo: "270"
  orderId: "06c3b928-1c0d-4303-ba4b-a45f998a60e9"
  type: "Bill"
  sourceId: "06c3b928-1c0d-4303-ba4b-a45f998a60e9"
  contact: "880 806 () [53b8789a-4451-4a1f-84f7-a9c5da7ada1a]"
2022-11-14 * "880 806 () [53b8789a-4451-4a1f-84f7-a9c5da7ada1a]" "Bill Payment for Bill #270 #7f40426d-b212-416a-b0d9-f4d484afbb08"
  contact: "880 806 () [53b8789a-4451-4a1f-84f7-a9c5da7ada1a]"
  Liabilities:CurrentLiabilities:AccountPayable 768.22 HKD
  type: "Bill Payment"
  sourceId: "7f40426d-b212-416a-b0d9-f4d484afbb08"
  referenceNo: "270"
  orderId: "06c3b928-1c0d-4303-ba4b-a45f998a60e9"
  Assets:CurrentAssets:Bank:BocSavingBank -768.22 HKD
  type: "Bill Payment"
  sourceId: "7f40426d-b212-416a-b0d9-f4d484afbb08"
  referenceNo: "270"
  orderId: "06c3b928-1c0d-4303-ba4b-a45f998a60e9"
2022-11-16 * "Invoice #86 INV-0150 MR. WONG"
  Income:Sales:SalesItem:SellDiamond -49000 HKD
  category: "Natural Diamond"
  sku: "DDFFFFFF0800006445394283"
  qty: 1
  referenceNo: "86"
  orderId: "4e0e0210-4e47-4cb0-8918-594cfe095a0e"
  type: "Invoice Item"
  sourceId: "f4c620ea-33bd-4cef-b00b-6af2918b2b5e"
  Assets:CurrentAssets:AccountReceivable
  referenceNo: "86"
  orderId: "4e0e0210-4e47-4cb0-8918-594cfe095a0e"
  type: "Invoice"
  sourceId: "4e0e0210-4e47-4cb0-8918-594cfe095a0e"
  contact: "852 64411254 (MR. WONG) [e1d0e9f7-aa52-4f62-b606-cfff7d492104]"
2022-11-16 * "Assets:CurrentAssets:Bank:BocSavingBank" "Invoice Payment for Invoice #86 #1c97387f-1dbd-4c8d-ad00-82e804f5015b"
  Assets:CurrentAssets:Bank:BocSavingBank 49000 HKD
  type: "Invoice Payment"
  sourceId: "1c97387f-1dbd-4c8d-ad00-82e804f5015b"
  referenceNo: "86"
  orderId: "4e0e0210-4e47-4cb0-8918-594cfe095a0e"
  Assets:CurrentAssets:AccountReceivable -49000 HKD
  type: "Invoice Payment"
  sourceId: "1c97387f-1dbd-4c8d-ad00-82e804f5015b"
  referenceNo: "86"
  orderId: "4e0e0210-4e47-4cb0-8918-594cfe095a0e"
  contact: "852 64411254 (MR. WONG) [e1d0e9f7-aa52-4f62-b606-cfff7d492104]"
2022-11-17 * "Bill #271 #0150 GIA PURCHASE, INV.112828"
  referenceNo: "271"
  orderId: "e1a8baad-be6c-40d6-a618-3d1ad55d41ea"
  type: "Bill"
  Expenses:CostOfSales:Purchase:PurchaseItem:BuyDiamond 40802.32 HKD
  category: "Natural Diamond"
  sku: "DDFFFFFF0800006445394283"
  qty: 1
  referenceNo: "271"
  orderId: "e1a8baad-be6c-40d6-a618-3d1ad55d41ea"
  type: "Bill Item"
  sourceId: "f03a0025-3d3d-4406-9bb7-765ae95d0456"
  Liabilities:CurrentLiabilities:AccountPayable
  referenceNo: "271"
  orderId: "e1a8baad-be6c-40d6-a618-3d1ad55d41ea"
  type: "Bill"
  sourceId: "e1a8baad-be6c-40d6-a618-3d1ad55d41ea"
  contact: "998 12345744 (RA GEM CENTRE LTD) [2e9eabb1-6c16-453b-9821-3e405085e1a5]"
2022-11-17 * "998 12345744 (RA GEM CENTRE LTD) [2e9eabb1-6c16-453b-9821-3e405085e1a5]" "Bill Payment for Bill #271 #b972ac7c-eda9-4c84-8047-7467b6312436"
  contact: "998 12345744 (RA GEM CENTRE LTD) [2e9eabb1-6c16-453b-9821-3e405085e1a5]"
  Liabilities:CurrentLiabilities:AccountPayable 40802.32 HKD
  type: "Bill Payment"
  sourceId: "b972ac7c-eda9-4c84-8047-7467b6312436"
  referenceNo: "271"
  orderId: "e1a8baad-be6c-40d6-a618-3d1ad55d41ea"
  Assets:CurrentAssets:Bank:BocSavingBank -40802.32 HKD
  type: "Bill Payment"
  sourceId: "b972ac7c-eda9-4c84-8047-7467b6312436"
  referenceNo: "271"
  orderId: "e1a8baad-be6c-40d6-a618-3d1ad55d41ea"
2022-11-18 * "Invoice #93 inv-0151 usd 4800"
  Income:Sales:SalesItem:SellDiamond -37776 HKD
  category: "Natural Diamond"
  sku: "DDFFFFFF0800006225263708"
  qty: 1
  referenceNo: "93"
  orderId: "47e9e5e0-ab4c-4e23-8df6-53dfb7e6e92f"
  type: "Invoice Item"
  sourceId: "f080483f-b253-4932-a85a-655d7a27dec6"
  Assets:CurrentAssets:AccountReceivable
  referenceNo: "93"
  orderId: "47e9e5e0-ab4c-4e23-8df6-53dfb7e6e92f"
  type: "Invoice"
  sourceId: "47e9e5e0-ab4c-4e23-8df6-53dfb7e6e92f"
  contact: "998 12345774 (VD) [a630ded6-776b-4380-8200-f2b72dd81269]"
2022-11-18 * "Bill #279 #0151 GIA PURCHASE, NO.0587"
  referenceNo: "279"
  orderId: "c5ab2e61-8d70-4221-b265-54ac74c6b138"
  type: "Bill"
  Expenses:CostOfSales:Purchase:PurchaseItem:BuyDiamond 37776 HKD
  category: "Natural Diamond"
  sku: "DDFFFFFF0800006225263708"
  qty: 1
  referenceNo: "279"
  orderId: "c5ab2e61-8d70-4221-b265-54ac74c6b138"
  type: "Bill Item"
  sourceId: "99469aee-36b2-4e1a-aaa1-017c7bc4fa0f"
  Liabilities:CurrentLiabilities:AccountPayable
  referenceNo: "279"
  orderId: "c5ab2e61-8d70-4221-b265-54ac74c6b138"
  type: "Bill"
  sourceId: "c5ab2e61-8d70-4221-b265-54ac74c6b138"
  contact: "998 12345716 (HDL- HRISHI DIAM LTD.) [65487079-78f7-426a-a840-aa15185d2526]"
2022-11-18 * "Assets:CurrentAssets:Cash:CashInHand" "Invoice Payment for Invoice #93 #1bb34485-b576-46ce-8bad-52b8f82da8f7"
  Assets:CurrentAssets:Cash:CashInHand 37776 HKD
  type: "Invoice Payment"
  sourceId: "1bb34485-b576-46ce-8bad-52b8f82da8f7"
  referenceNo: "93"
  orderId: "47e9e5e0-ab4c-4e23-8df6-53dfb7e6e92f"
  Assets:CurrentAssets:AccountReceivable -37776 HKD
  type: "Invoice Payment"
  sourceId: "1bb34485-b576-46ce-8bad-52b8f82da8f7"
  referenceNo: "93"
  orderId: "47e9e5e0-ab4c-4e23-8df6-53dfb7e6e92f"
  contact: "998 12345774 (VD) [a630ded6-776b-4380-8200-f2b72dd81269]"
2022-11-18 * "998 12345716 (HDL- HRISHI DIAM LTD.) [65487079-78f7-426a-a840-aa15185d2526]" "Bill Payment for Bill #279 #7413bfa3-2df1-4bfa-970c-e21a7892e7d0"
  contact: "998 12345716 (HDL- HRISHI DIAM LTD.) [65487079-78f7-426a-a840-aa15185d2526]"
  Liabilities:CurrentLiabilities:AccountPayable 37776 HKD
  type: "Bill Payment"
  sourceId: "7413bfa3-2df1-4bfa-970c-e21a7892e7d0"
  referenceNo: "279"
  orderId: "c5ab2e61-8d70-4221-b265-54ac74c6b138"
  Assets:CurrentAssets:Cash:CashInHand -37776 HKD
  type: "Bill Payment"
  sourceId: "7413bfa3-2df1-4bfa-970c-e21a7892e7d0"
  referenceNo: "279"
  orderId: "c5ab2e61-8d70-4221-b265-54ac74c6b138"
2022-11-20 * "Bill #307 kpay048"
  referenceNo: "307"
  orderId: "ca34abf4-4b2b-40e8-af51-5310b91eb25a"
  type: "Bill"
  Expenses:CardFeeExpense 530.5 HKD
  qty: "1"
  description: "KPAY FEE"
  referenceNo: "307"
  orderId: "ca34abf4-4b2b-40e8-af51-5310b91eb25a"
  type: "Bill Item"
  sourceId: "d794a516-e148-4145-bea3-fbb117db7eef"
  Liabilities:CurrentLiabilities:AccountPayable
  referenceNo: "307"
  orderId: "ca34abf4-4b2b-40e8-af51-5310b91eb25a"
  type: "Bill"
  sourceId: "ca34abf4-4b2b-40e8-af51-5310b91eb25a"
  contact: "998 12345821 (KPAY) [5a706f32-7edc-48d8-ae47-62fee1e8bba1]"
2022-11-20 * "Bill #294 (PENDING) NO SI, #152"
  referenceNo: "294"
  orderId: "f5c87972-c9af-4ed7-8744-45d581e63eb6"
  type: "Bill"
  Expenses:CostOfSales:Purchase:PurchaseItem:BuyCost-ProcessingFee 1 HKD
  qty: "1"
  description: "RESIZE 14.5 TO 10.5 GIA#6441141230 (S0082-146, Bill#633)"
  referenceNo: "294"
  orderId: "f5c87972-c9af-4ed7-8744-45d581e63eb6"
  type: "Bill Item"
  sourceId: "c7a3fe7d-d336-4f56-bb3d-d8c615090b8b"
  Liabilities:CurrentLiabilities:AccountPayable
  referenceNo: "294"
  orderId: "f5c87972-c9af-4ed7-8744-45d581e63eb6"
  type: "Bill"
  sourceId: "f5c87972-c9af-4ed7-8744-45d581e63eb6"
  contact: "998 12345767 (SkyHigh Holdings Group Ltd) [efdca012-5d6e-4361-8ec7-f5566615d58a]"
2022-11-20 * "Assets:CurrentAssets:Bank:KpayBank" "Invoice Payment for Invoice #101 #9c356f2d-d982-4f7a-93a8-4d53db20240e"
  Assets:CurrentAssets:Bank:KpayBank 35300 HKD
  type: "Invoice Payment"
  sourceId: "9c356f2d-d982-4f7a-93a8-4d53db20240e"
  referenceNo: "101"
  orderId: "cce6e578-da2b-48ab-8e3d-f8fe1fdc108a"
  Assets:CurrentAssets:AccountReceivable -35300 HKD
  type: "Invoice Payment"
  sourceId: "9c356f2d-d982-4f7a-93a8-4d53db20240e"
  referenceNo: "101"
  orderId: "cce6e578-da2b-48ab-8e3d-f8fe1fdc108a"
  contact: "852 91927737 (MR. SUEN WILSON) [3a780d66-9fcc-48d6-a61e-8e6182891536]"
2022-11-20 * "998 12345821 (KPAY) [5a706f32-7edc-48d8-ae47-62fee1e8bba1]" "Bill Payment for Bill #307 #af2cc294-1074-48d5-942d-da505a98a911"
  contact: "998 12345821 (KPAY) [5a706f32-7edc-48d8-ae47-62fee1e8bba1]"
  Liabilities:CurrentLiabilities:AccountPayable 530.5 HKD
  type: "Bill Payment"
  sourceId: "af2cc294-1074-48d5-942d-da505a98a911"
  referenceNo: "307"
  orderId: "ca34abf4-4b2b-40e8-af51-5310b91eb25a"
  Assets:CurrentAssets:Bank:KpayBank -530.5 HKD
  type: "Bill Payment"
  sourceId: "af2cc294-1074-48d5-942d-da505a98a911"
  referenceNo: "307"
  orderId: "ca34abf4-4b2b-40e8-af51-5310b91eb25a"
2022-11-21 * "Assets:CurrentAssets:Bank:KpayBank" "Invoice Payment for Invoice #192 #560fb5d5-1a68-477e-bcc0-d31cc71a8e40"
  Assets:CurrentAssets:Bank:KpayBank 10000 HKD
  type: "Invoice Payment"
  sourceId: "560fb5d5-1a68-477e-bcc0-d31cc71a8e40"
  referenceNo: "192"
  orderId: "c2852197-eafb-48a7-8474-c5b923322d47"
  Assets:CurrentAssets:AccountReceivable -10000 HKD
  type: "Invoice Payment"
  sourceId: "560fb5d5-1a68-477e-bcc0-d31cc71a8e40"
  referenceNo: "192"
  orderId: "c2852197-eafb-48a7-8474-c5b923322d47"
  contact: "852 60848797 (MR. LAI KELVIN) [43bb6d17-3b0f-4518-8a73-7f5d9398b6d9]"
2022-11-21 * "Assets:CurrentAssets:Bank:KpayBank" "Invoice Payment for Invoice #192 #1a6dadef-8148-438d-84db-576a0b0cded0"
  Assets:CurrentAssets:Bank:KpayBank 42500 HKD
  type: "Invoice Payment"
  sourceId: "1a6dadef-8148-438d-84db-576a0b0cded0"
  referenceNo: "192"
  orderId: "c2852197-eafb-48a7-8474-c5b923322d47"
  Assets:CurrentAssets:AccountReceivable -42500 HKD
  type: "Invoice Payment"
  sourceId: "1a6dadef-8148-438d-84db-576a0b0cded0"
  referenceNo: "192"
  orderId: "c2852197-eafb-48a7-8474-c5b923322d47"
  contact: "852 60848797 (MR. LAI KELVIN) [43bb6d17-3b0f-4518-8a73-7f5d9398b6d9]"
2022-11-21 * "998 12345821 (KPAY) [5a706f32-7edc-48d8-ae47-62fee1e8bba1]" "Bill Payment for Bill #203 #54d60b58-d7a0-40f2-8222-55dd042e1e45"
  contact: "998 12345821 (KPAY) [5a706f32-7edc-48d8-ae47-62fee1e8bba1]"
  Liabilities:CurrentLiabilities:AccountPayable 788.5 HKD
  type: "Bill Payment"
  sourceId: "54d60b58-d7a0-40f2-8222-55dd042e1e45"
  referenceNo: "203"
  orderId: "89d0b7ae-8adb-4456-8ecd-40ee796ee1bd"
  Assets:CurrentAssets:Bank:KpayBank -788.5 HKD
  type: "Bill Payment"
  sourceId: "54d60b58-d7a0-40f2-8222-55dd042e1e45"
  referenceNo: "203"
  orderId: "89d0b7ae-8adb-4456-8ecd-40ee796ee1bd"
2022-11-21 * "Bill #435 11月2022 MPF"
  referenceNo: "435"
  orderId: "89aa8a0f-26d5-458b-bc8d-b7b739faa0c7"
  type: "Bill"
  Expenses:Mpf 5300 HKD
  qty: "1"
  description: "11月 MPF"
  referenceNo: "435"
  orderId: "89aa8a0f-26d5-458b-bc8d-b7b739faa0c7"
  type: "Bill Item"
  sourceId: "38a1ee85-9fe3-4a75-ac26-d053c3ed1164"
  Liabilities:CurrentLiabilities:AccountPayable
  referenceNo: "435"
  orderId: "89aa8a0f-26d5-458b-bc8d-b7b739faa0c7"
  type: "Bill"
  sourceId: "89aa8a0f-26d5-458b-bc8d-b7b739faa0c7"
  contact: "880 806 () [53b8789a-4451-4a1f-84f7-a9c5da7ada1a]"
2022-11-21 * "880 806 () [53b8789a-4451-4a1f-84f7-a9c5da7ada1a]" "Bill Payment for Bill #435 #a8554b59-3194-40fc-a1af-965be32b6aad"
  contact: "880 806 () [53b8789a-4451-4a1f-84f7-a9c5da7ada1a]"
  Liabilities:CurrentLiabilities:AccountPayable 5300 HKD
  type: "Bill Payment"
  sourceId: "a8554b59-3194-40fc-a1af-965be32b6aad"
  referenceNo: "435"
  orderId: "89aa8a0f-26d5-458b-bc8d-b7b739faa0c7"
  Assets:CurrentAssets:Bank:BocCurrentBank -5300 HKD
  type: "Bill Payment"
  sourceId: "a8554b59-3194-40fc-a1af-965be32b6aad"
  referenceNo: "435"
  orderId: "89aa8a0f-26d5-458b-bc8d-b7b739faa0c7"
2022-11-22 * "Assets:CurrentAssets:Bank:KpayBank" "Invoice Payment for Invoice #198 #f81dcde8-3542-4f2a-9039-c470f229e492"
  Assets:CurrentAssets:Bank:KpayBank 14000 HKD
  type: "Invoice Payment"
  sourceId: "f81dcde8-3542-4f2a-9039-c470f229e492"
  referenceNo: "198"
  orderId: "6a1e2515-031d-40a4-ac6b-d19e60735235"
  Assets:CurrentAssets:AccountReceivable -14000 HKD
  type: "Invoice Payment"
  sourceId: "f81dcde8-3542-4f2a-9039-c470f229e492"
  referenceNo: "198"
  orderId: "6a1e2515-031d-40a4-ac6b-d19e60735235"
  contact: "852 67684452 (MR. NEIL) [cea70065-ed01-46a2-aba1-41406bdfdf6c]"
2022-11-22 * "Bill #396 OVERSEA TRANSACTION FEE"
  referenceNo: "396"
  orderId: "48e7243d-97d9-486a-a020-dea572a49ead"
  type: "Bill"
  Expenses:BankFeesExpense 60 HKD
  qty: "1"
  description: "OVERSEA TRANSACTION FEE"
  referenceNo: "396"
  orderId: "48e7243d-97d9-486a-a020-dea572a49ead"
  type: "Bill Item"
  sourceId: "14bf9931-2014-4d08-93ab-c368d43eed5a"
  Liabilities:CurrentLiabilities:AccountPayable
  referenceNo: "396"
  orderId: "48e7243d-97d9-486a-a020-dea572a49ead"
  type: "Bill"
  sourceId: "48e7243d-97d9-486a-a020-dea572a49ead"
  contact: "998 12345835 (boc(bank of china)) [82f385a7-d238-4826-9a12-e06648f93cdb]"
2022-11-22 * "Bill #400 FACEBK *MHR4MLXZM2"
  referenceNo: "400"
  orderId: "52d79948-b7b4-4e17-8d12-9edbadfc3979"
  type: "Bill"
  Expenses:AdvertisingAndBranding 7500 HKD
  qty: "1"
  description: "FACEBK *MHR4MLXZM2"
  referenceNo: "400"
  orderId: "52d79948-b7b4-4e17-8d12-9edbadfc3979"
  type: "Bill Item"
  sourceId: "1a73e3a2-01f0-4d64-9989-98139227a263"
  Liabilities:CurrentLiabilities:AccountPayable
  referenceNo: "400"
  orderId: "52d79948-b7b4-4e17-8d12-9edbadfc3979"
  type: "Bill"
  sourceId: "52d79948-b7b4-4e17-8d12-9edbadfc3979"
  contact: "880 806 () [53b8789a-4451-4a1f-84f7-a9c5da7ada1a]"
2022-11-22 * "880 806 () [53b8789a-4451-4a1f-84f7-a9c5da7ada1a]" "Bill Payment for Bill #400 #9049032d-758a-4f9d-b095-1380fa56e8f3"
  contact: "880 806 () [53b8789a-4451-4a1f-84f7-a9c5da7ada1a]"
  Liabilities:CurrentLiabilities:AccountPayable 7500 HKD
  type: "Bill Payment"
  sourceId: "9049032d-758a-4f9d-b095-1380fa56e8f3"
  referenceNo: "400"
  orderId: "52d79948-b7b4-4e17-8d12-9edbadfc3979"
  Assets:CurrentAssets:Bank:BocVisaCard-DavidBank -7500 HKD
  type: "Bill Payment"
  sourceId: "9049032d-758a-4f9d-b095-1380fa56e8f3"
  referenceNo: "400"
  orderId: "52d79948-b7b4-4e17-8d12-9edbadfc3979"
2022-11-22 * "998 12345835 (boc(bank of china)) [82f385a7-d238-4826-9a12-e06648f93cdb]" "Bill Payment for Bill #396 #18269825-6445-442b-b00b-6f1cda688b3f"
  contact: "998 12345835 (boc(bank of china)) [82f385a7-d238-4826-9a12-e06648f93cdb]"
  Liabilities:CurrentLiabilities:AccountPayable 60 HKD
  type: "Bill Payment"
  sourceId: "18269825-6445-442b-b00b-6f1cda688b3f"
  referenceNo: "396"
  orderId: "48e7243d-97d9-486a-a020-dea572a49ead"
  Assets:CurrentAssets:Bank:BocVisaCard-DavidBank -60 HKD
  type: "Bill Payment"
  sourceId: "18269825-6445-442b-b00b-6f1cda688b3f"
  referenceNo: "396"
  orderId: "48e7243d-97d9-486a-a020-dea572a49ead"
2022-11-23 * "Invoice #111 INV-0153 MR.HO EMO"
  Income:Sales:SalesItem:SellDiamond -46200 HKD
  category: "Natural Diamond"
  sku: "DDFFFFFF0800007431451308"
  qty: 1
  referenceNo: "111"
  orderId: "2249781a-08f0-4bc9-9ee8-0a3ee5e4e978"
  type: "Invoice Item"
  sourceId: "86b7e447-10c2-49c5-87f4-e02b61f5aab2"
  Income:Sales:SalesItem:Sell18kJewelry -2500 HKD
  category: "Ring Setting"
  sku: "DDFFFFFF0B00000000000155"
  qty: 1
  referenceNo: "111"
  orderId: "2249781a-08f0-4bc9-9ee8-0a3ee5e4e978"
  type: "Invoice Item"
  sourceId: "601172ef-1690-4248-937d-7d2e56908a98"
  Assets:CurrentAssets:AccountReceivable
  referenceNo: "111"
  orderId: "2249781a-08f0-4bc9-9ee8-0a3ee5e4e978"
  type: "Invoice"
  sourceId: "2249781a-08f0-4bc9-9ee8-0a3ee5e4e978"
  contact: "852 64641108 (MR.HO EMO) [861bbeb2-155d-4c09-9165-e5b9f846228f]"
2022-11-23 * "Bill #299 (PENDING) NO SI, #154"
  referenceNo: "299"
  orderId: "cd9af57c-daeb-4885-a5e8-9da2af286d7e"
  type: "Bill"
  Expenses:CostOfSales:Purchase:PurchaseItem:BuyCost-ProcessingFee 1 HKD
  qty: "1"
  description: "RESIZE: 13.5 to 12 GIA#7361835022    "
  referenceNo: "299"
  orderId: "cd9af57c-daeb-4885-a5e8-9da2af286d7e"
  type: "Bill Item"
  sourceId: "a905bd42-c593-4aed-ab22-a1ea95defb58"
  Liabilities:CurrentLiabilities:AccountPayable
  referenceNo: "299"
  orderId: "cd9af57c-daeb-4885-a5e8-9da2af286d7e"
  type: "Bill"
  sourceId: "cd9af57c-daeb-4885-a5e8-9da2af286d7e"
  contact: "998 12345767 (SkyHigh Holdings Group Ltd) [efdca012-5d6e-4361-8ec7-f5566615d58a]"
2022-11-23 * "Bill #203 kpay049"
  referenceNo: "203"
  orderId: "89d0b7ae-8adb-4456-8ecd-40ee796ee1bd"
  type: "Bill"
  Expenses:CardFeeExpense 788.5 HKD
  qty: "1"
  description: "KPAY FEE"
  referenceNo: "203"
  orderId: "89d0b7ae-8adb-4456-8ecd-40ee796ee1bd"
  type: "Bill Item"
  sourceId: "4a376d95-54cf-4ac2-9f77-d438c1efa285"
  Liabilities:CurrentLiabilities:AccountPayable
  referenceNo: "203"
  orderId: "89d0b7ae-8adb-4456-8ecd-40ee796ee1bd"
  type: "Bill"
  sourceId: "89d0b7ae-8adb-4456-8ecd-40ee796ee1bd"
  contact: "998 12345821 (KPAY) [5a706f32-7edc-48d8-ae47-62fee1e8bba1]"
2022-11-23 * "Bill #309 NO SI, #153"
  referenceNo: "309"
  orderId: "50ab233e-d174-4ca1-9e12-e5751fd89440"
  type: "Bill"
  Expenses:CostOfSales:Purchase:PurchaseItem:Buy18kJewelry 1768 HKD
  category: "Ring Setting"
  sku: "DDFFFFFF0B00000000000155"
  qty: 1
  referenceNo: "309"
  orderId: "50ab233e-d174-4ca1-9e12-e5751fd89440"
  type: "Bill Item"
  sourceId: "e7a51b10-8e40-485e-931d-eb197238a84f"
  Liabilities:CurrentLiabilities:AccountPayable
  referenceNo: "309"
  orderId: "50ab233e-d174-4ca1-9e12-e5751fd89440"
  type: "Bill"
  sourceId: "50ab233e-d174-4ca1-9e12-e5751fd89440"
  contact: "998 12345767 (SkyHigh Holdings Group Ltd) [efdca012-5d6e-4361-8ec7-f5566615d58a]"
2022-11-23 * "Assets:CurrentAssets:Bank:BocSavingBank" "Invoice Payment for Invoice #111 #a36b47ef-9ef0-4e22-8bc5-37b64a515e2e"
  Assets:CurrentAssets:Bank:BocSavingBank 24350 HKD
  type: "Invoice Payment"
  sourceId: "a36b47ef-9ef0-4e22-8bc5-37b64a515e2e"
  referenceNo: "111"
  orderId: "2249781a-08f0-4bc9-9ee8-0a3ee5e4e978"
  Assets:CurrentAssets:AccountReceivable -24350 HKD
  type: "Invoice Payment"
  sourceId: "a36b47ef-9ef0-4e22-8bc5-37b64a515e2e"
  referenceNo: "111"
  orderId: "2249781a-08f0-4bc9-9ee8-0a3ee5e4e978"
  contact: "852 64641108 (MR.HO EMO) [861bbeb2-155d-4c09-9165-e5b9f846228f]"
2022-11-27 * "998 12345767 (SkyHigh Holdings Group Ltd) [efdca012-5d6e-4361-8ec7-f5566615d58a]" "Bill Payment for Bill #300 #d7e095f4-cbe3-4a6e-bf6c-bd76270c6c61"
  contact: "998 12345767 (SkyHigh Holdings Group Ltd) [efdca012-5d6e-4361-8ec7-f5566615d58a]"
  Liabilities:CurrentLiabilities:AccountPayable 350 HKD
  type: "Bill Payment"
  sourceId: "d7e095f4-cbe3-4a6e-bf6c-bd76270c6c61"
  referenceNo: "300"
  orderId: "2e137607-71b7-4bd7-b940-61eebbae5693"
  Assets:CurrentAssets:TradeDeposit:TradeDeposit-SkyhighHoldingsGroupLtd -350 HKD
  type: "Bill Payment"
  sourceId: "d7e095f4-cbe3-4a6e-bf6c-bd76270c6c61"
  referenceNo: "300"
  orderId: "2e137607-71b7-4bd7-b940-61eebbae5693"
2022-11-27 * "998 12345767 (SkyHigh Holdings Group Ltd) [efdca012-5d6e-4361-8ec7-f5566615d58a]" "Bill Payment for Bill #632 #ee66e12d-8cab-4cbe-bf20-e29b94c5b0a6"
  contact: "998 12345767 (SkyHigh Holdings Group Ltd) [efdca012-5d6e-4361-8ec7-f5566615d58a]"
  Liabilities:CurrentLiabilities:AccountPayable 2476 HKD
  type: "Bill Payment"
  sourceId: "ee66e12d-8cab-4cbe-bf20-e29b94c5b0a6"
  referenceNo: "632"
  orderId: "29477f7b-e763-4752-8632-8d89402a8f1c"
  Assets:CurrentAssets:TradeDeposit:TradeDeposit-SkyhighHoldingsGroupLtd -2476 HKD
  type: "Bill Payment"
  sourceId: "ee66e12d-8cab-4cbe-bf20-e29b94c5b0a6"
  referenceNo: "632"
  orderId: "29477f7b-e763-4752-8632-8d89402a8f1c"
2022-11-27 * "998 12345767 (SkyHigh Holdings Group Ltd) [efdca012-5d6e-4361-8ec7-f5566615d58a]" "Bill Payment for Bill #632 #a97b840a-7353-4b2c-914f-4b1fb1a0c1ec"
  contact: "998 12345767 (SkyHigh Holdings Group Ltd) [efdca012-5d6e-4361-8ec7-f5566615d58a]"
  Liabilities:CurrentLiabilities:AccountPayable 2509 HKD
  type: "Bill Payment"
  sourceId: "a97b840a-7353-4b2c-914f-4b1fb1a0c1ec"
  referenceNo: "632"
  orderId: "29477f7b-e763-4752-8632-8d89402a8f1c"
  Assets:CurrentAssets:TradeDeposit:TradeDeposit-SkyhighHoldingsGroupLtd -2509 HKD
  type: "Bill Payment"
  sourceId: "a97b840a-7353-4b2c-914f-4b1fb1a0c1ec"
  referenceNo: "632"
  orderId: "29477f7b-e763-4752-8632-8d89402a8f1c"
2022-11-27 * "998 12345767 (SkyHigh Holdings Group Ltd) [efdca012-5d6e-4361-8ec7-f5566615d58a]" "Bill Payment for Bill #631 #8a1f0ba2-1074-4075-aae1-bc8ba06b8af8"
  contact: "998 12345767 (SkyHigh Holdings Group Ltd) [efdca012-5d6e-4361-8ec7-f5566615d58a]"
  Liabilities:CurrentLiabilities:AccountPayable 2046 HKD
  type: "Bill Payment"
  sourceId: "8a1f0ba2-1074-4075-aae1-bc8ba06b8af8"
  referenceNo: "631"
  orderId: "79752938-1f3a-4a92-ad73-7b298978d1aa"
  Assets:CurrentAssets:TradeDeposit:TradeDeposit-SkyhighHoldingsGroupLtd -2046 HKD
  type: "Bill Payment"
  sourceId: "8a1f0ba2-1074-4075-aae1-bc8ba06b8af8"
  referenceNo: "631"
  orderId: "79752938-1f3a-4a92-ad73-7b298978d1aa"
2022-11-27 * "998 12345767 (SkyHigh Holdings Group Ltd) [efdca012-5d6e-4361-8ec7-f5566615d58a]" "Bill Payment for Bill #631 #5eede0ca-977a-4c17-afdf-ac37c099e5a3"
  contact: "998 12345767 (SkyHigh Holdings Group Ltd) [efdca012-5d6e-4361-8ec7-f5566615d58a]"
  Liabilities:CurrentLiabilities:AccountPayable 2033 HKD
  type: "Bill Payment"
  sourceId: "5eede0ca-977a-4c17-afdf-ac37c099e5a3"
  referenceNo: "631"
  orderId: "79752938-1f3a-4a92-ad73-7b298978d1aa"
  Assets:CurrentAssets:TradeDeposit:TradeDeposit-SkyhighHoldingsGroupLtd -2033 HKD
  type: "Bill Payment"
  sourceId: "5eede0ca-977a-4c17-afdf-ac37c099e5a3"
  referenceNo: "631"
  orderId: "79752938-1f3a-4a92-ad73-7b298978d1aa"
2022-11-27 * "998 12345767 (SkyHigh Holdings Group Ltd) [efdca012-5d6e-4361-8ec7-f5566615d58a]" "Bill Payment for Bill #633 #0b8a7cf8-8ea5-4335-b9eb-b0acca49e01e"
  contact: "998 12345767 (SkyHigh Holdings Group Ltd) [efdca012-5d6e-4361-8ec7-f5566615d58a]"
  Liabilities:CurrentLiabilities:AccountPayable 2080 HKD
  type: "Bill Payment"
  sourceId: "0b8a7cf8-8ea5-4335-b9eb-b0acca49e01e"
  referenceNo: "633"
  orderId: "7c5e0383-a7c4-473f-8695-3b4976fb8cb1"
  Assets:CurrentAssets:TradeDeposit:TradeDeposit-SkyhighHoldingsGroupLtd -2080 HKD
  type: "Bill Payment"
  sourceId: "0b8a7cf8-8ea5-4335-b9eb-b0acca49e01e"
  referenceNo: "633"
  orderId: "7c5e0383-a7c4-473f-8695-3b4976fb8cb1"
2022-11-27 * "998 12345767 (SkyHigh Holdings Group Ltd) [efdca012-5d6e-4361-8ec7-f5566615d58a]" "Bill Payment for Bill #638 #ac06dd30-8739-42ea-8e2e-32a9efbb2c20"
  contact: "998 12345767 (SkyHigh Holdings Group Ltd) [efdca012-5d6e-4361-8ec7-f5566615d58a]"
  Liabilities:CurrentLiabilities:AccountPayable 2267 HKD
  type: "Bill Payment"
  sourceId: "ac06dd30-8739-42ea-8e2e-32a9efbb2c20"
  referenceNo: "638"
  orderId: "59a79f2b-2a35-4953-a280-49d0dbedb563"
  Assets:CurrentAssets:TradeDeposit:TradeDeposit-SkyhighHoldingsGroupLtd -2267 HKD
  type: "Bill Payment"
  sourceId: "ac06dd30-8739-42ea-8e2e-32a9efbb2c20"
  referenceNo: "638"
  orderId: "59a79f2b-2a35-4953-a280-49d0dbedb563"
2022-11-27 * "998 12345767 (SkyHigh Holdings Group Ltd) [efdca012-5d6e-4361-8ec7-f5566615d58a]" "Bill Payment for Bill #638 #d88dd42c-b32a-4395-adf8-cced07578a40"
  contact: "998 12345767 (SkyHigh Holdings Group Ltd) [efdca012-5d6e-4361-8ec7-f5566615d58a]"
  Liabilities:CurrentLiabilities:AccountPayable 2390 HKD
  type: "Bill Payment"
  sourceId: "d88dd42c-b32a-4395-adf8-cced07578a40"
  referenceNo: "638"
  orderId: "59a79f2b-2a35-4953-a280-49d0dbedb563"
  Assets:CurrentAssets:TradeDeposit:TradeDeposit-SkyhighHoldingsGroupLtd -2390 HKD
  type: "Bill Payment"
  sourceId: "d88dd42c-b32a-4395-adf8-cced07578a40"
  referenceNo: "638"
  orderId: "59a79f2b-2a35-4953-a280-49d0dbedb563"
2022-11-27 * "998 12345767 (SkyHigh Holdings Group Ltd) [efdca012-5d6e-4361-8ec7-f5566615d58a]" "Bill Payment for Bill #638 #c75d9660-dbcf-44a7-8cd7-38d21252f584"
  contact: "998 12345767 (SkyHigh Holdings Group Ltd) [efdca012-5d6e-4361-8ec7-f5566615d58a]"
  Liabilities:CurrentLiabilities:AccountPayable 2136 HKD
  type: "Bill Payment"
  sourceId: "c75d9660-dbcf-44a7-8cd7-38d21252f584"
  referenceNo: "638"
  orderId: "59a79f2b-2a35-4953-a280-49d0dbedb563"
  Assets:CurrentAssets:TradeDeposit:TradeDeposit-SkyhighHoldingsGroupLtd -2136 HKD
  type: "Bill Payment"
  sourceId: "c75d9660-dbcf-44a7-8cd7-38d21252f584"
  referenceNo: "638"
  orderId: "59a79f2b-2a35-4953-a280-49d0dbedb563"
2022-11-27 * "998 12345767 (SkyHigh Holdings Group Ltd) [efdca012-5d6e-4361-8ec7-f5566615d58a]" "Bill Payment for Bill #155 #d22ee24d-73e7-46c4-b922-2ffd7b641569"
  contact: "998 12345767 (SkyHigh Holdings Group Ltd) [efdca012-5d6e-4361-8ec7-f5566615d58a]"
  Liabilities:CurrentLiabilities:AccountPayable 2164 HKD
  type: "Bill Payment"
  sourceId: "d22ee24d-73e7-46c4-b922-2ffd7b641569"
  referenceNo: "155"
  orderId: "d3ae6f01-4d4f-4486-8444-a3b5fb3e04ef"
  Assets:CurrentAssets:TradeDeposit:TradeDeposit-SkyhighHoldingsGroupLtd -2164 HKD
  type: "Bill Payment"
  sourceId: "d22ee24d-73e7-46c4-b922-2ffd7b641569"
  referenceNo: "155"
  orderId: "d3ae6f01-4d4f-4486-8444-a3b5fb3e04ef"
2022-11-27 * "998 12345767 (SkyHigh Holdings Group Ltd) [efdca012-5d6e-4361-8ec7-f5566615d58a]" "Bill Payment for Bill #308 #2543d7ef-3725-46e2-9cc1-51e6ff0f8db1"
  contact: "998 12345767 (SkyHigh Holdings Group Ltd) [efdca012-5d6e-4361-8ec7-f5566615d58a]"
  Liabilities:CurrentLiabilities:AccountPayable 2344 HKD
  type: "Bill Payment"
  sourceId: "2543d7ef-3725-46e2-9cc1-51e6ff0f8db1"
  referenceNo: "308"
  orderId: "e5ebcd16-ef7b-48be-9e48-e4b42e6e2941"
  Assets:CurrentAssets:TradeDeposit:TradeDeposit-SkyhighHoldingsGroupLtd -2344 HKD
  type: "Bill Payment"
  sourceId: "2543d7ef-3725-46e2-9cc1-51e6ff0f8db1"
  referenceNo: "308"
  orderId: "e5ebcd16-ef7b-48be-9e48-e4b42e6e2941"
2022-11-27 * "998 12345767 (SkyHigh Holdings Group Ltd) [efdca012-5d6e-4361-8ec7-f5566615d58a]" "Bill Payment for Bill #289 #a81ca780-f200-4c5e-a5c3-8f156912896c"
  contact: "998 12345767 (SkyHigh Holdings Group Ltd) [efdca012-5d6e-4361-8ec7-f5566615d58a]"
  Liabilities:CurrentLiabilities:AccountPayable 3060 HKD
  type: "Bill Payment"
  sourceId: "a81ca780-f200-4c5e-a5c3-8f156912896c"
  referenceNo: "289"
  orderId: "e4f4018c-d114-42f1-9ad2-1268d2f3c8b5"
  Assets:CurrentAssets:TradeDeposit:TradeDeposit-SkyhighHoldingsGroupLtd -3060 HKD
  type: "Bill Payment"
  sourceId: "a81ca780-f200-4c5e-a5c3-8f156912896c"
  referenceNo: "289"
  orderId: "e4f4018c-d114-42f1-9ad2-1268d2f3c8b5"
2022-11-28 * "Bill #330 kpay050"
  referenceNo: "330"
  orderId: "aec4910e-075c-44e0-a6aa-b77ca1b55fd6"
  type: "Bill"
  Expenses:CardFeeExpense 706 HKD
  qty: "1"
  description: "KPAY FEE"
  referenceNo: "330"
  orderId: "aec4910e-075c-44e0-a6aa-b77ca1b55fd6"
  type: "Bill Item"
  sourceId: "f5b4f71a-f2fe-40c6-be19-0cfb80f5c172"
  Liabilities:CurrentLiabilities:AccountPayable
  referenceNo: "330"
  orderId: "aec4910e-075c-44e0-a6aa-b77ca1b55fd6"
  type: "Bill"
  sourceId: "aec4910e-075c-44e0-a6aa-b77ca1b55fd6"
  contact: "998 12345821 (KPAY) [5a706f32-7edc-48d8-ae47-62fee1e8bba1]"
2022-11-28 * "Bill #280 EX00087 11月salary"
  referenceNo: "280"
  orderId: "bda77e17-4c4a-441d-87e5-8ad3554b3027"
  type: "Bill"
  Expenses:WagesAndSalaries 50350 HKD
  qty: "1"
  description: "11月salary"
  referenceNo: "280"
  orderId: "bda77e17-4c4a-441d-87e5-8ad3554b3027"
  type: "Bill Item"
  sourceId: "30f93e6e-2c8b-4f26-a5ab-16ba96ff2ace"
  Liabilities:CurrentLiabilities:AccountPayable
  referenceNo: "280"
  orderId: "bda77e17-4c4a-441d-87e5-8ad3554b3027"
  type: "Bill"
  sourceId: "bda77e17-4c4a-441d-87e5-8ad3554b3027"
  contact: "880 806 () [53b8789a-4451-4a1f-84f7-a9c5da7ada1a]"
2022-11-28 * "Bill #780 323上網(2022- 6 / 7 / 8 / 9 / 10月)"
  referenceNo: "780"
  orderId: "19e3386e-642d-4831-a102-c1220a4845cc"
  type: "Bill"
  Expenses:TelephoneAndInternetAndAlarm 380 HKD
  qty: "1"
  description: "323上網(2022- 6月)"
  referenceNo: "780"
  orderId: "19e3386e-642d-4831-a102-c1220a4845cc"
  type: "Bill Item"
  sourceId: "dc47c22d-610d-4e75-80df-542c6d6eb5a8"
  Expenses:TelephoneAndInternetAndAlarm 380 HKD
  qty: "1"
  description: "323上網(2022- 7月)"
  referenceNo: "780"
  orderId: "19e3386e-642d-4831-a102-c1220a4845cc"
  type: "Bill Item"
  sourceId: "569b4da0-9811-45f1-afb9-55262bf9a908"
  Expenses:TelephoneAndInternetAndAlarm 380 HKD
  qty: "1"
  description: "323上網(2022- 8月)"
  referenceNo: "780"
  orderId: "19e3386e-642d-4831-a102-c1220a4845cc"
  type: "Bill Item"
  sourceId: "cf45c5df-538a-4aaa-8ff7-07688d324567"
  Expenses:TelephoneAndInternetAndAlarm 380 HKD
  qty: "1"
  description: "323上網(2022- 9月)"
  referenceNo: "780"
  orderId: "19e3386e-642d-4831-a102-c1220a4845cc"
  type: "Bill Item"
  sourceId: "3ac8c808-1c02-42ea-b5f0-b650f52b3f5d"
  Expenses:TelephoneAndInternetAndAlarm 380 HKD
  qty: "1"
  description: "323上網(2022- 10月)"
  referenceNo: "780"
  orderId: "19e3386e-642d-4831-a102-c1220a4845cc"
  type: "Bill Item"
  sourceId: "1d63e2b4-80fe-4c7c-a601-8302ee4e28d1"
  Liabilities:CurrentLiabilities:AccountPayable
  referenceNo: "780"
  orderId: "19e3386e-642d-4831-a102-c1220a4845cc"
  type: "Bill"
  sourceId: "19e3386e-642d-4831-a102-c1220a4845cc"
  contact: "880 806 () [53b8789a-4451-4a1f-84f7-a9c5da7ada1a]"
2022-11-28 * "Assets:CurrentAssets:Bank:KpayBank" "Invoice Payment for Invoice #198 #0f1eb85b-accd-41e9-b9dd-55a2b87060f5"
  Assets:CurrentAssets:Bank:KpayBank 9000 HKD
  type: "Invoice Payment"
  sourceId: "0f1eb85b-accd-41e9-b9dd-55a2b87060f5"
  referenceNo: "198"
  orderId: "6a1e2515-031d-40a4-ac6b-d19e60735235"
  Assets:CurrentAssets:AccountReceivable -9000 HKD
  type: "Invoice Payment"
  sourceId: "0f1eb85b-accd-41e9-b9dd-55a2b87060f5"
  referenceNo: "198"
  orderId: "6a1e2515-031d-40a4-ac6b-d19e60735235"
  contact: "852 67684452 (MR. NEIL) [cea70065-ed01-46a2-aba1-41406bdfdf6c]"
2022-11-28 * "Assets:CurrentAssets:Bank:KpayBank" "Invoice Payment for Invoice #198 #9e023db4-fd56-4850-a811-96d8e7ea2625"
  Assets:CurrentAssets:Bank:KpayBank 20000 HKD
  type: "Invoice Payment"
  sourceId: "9e023db4-fd56-4850-a811-96d8e7ea2625"
  referenceNo: "198"
  orderId: "6a1e2515-031d-40a4-ac6b-d19e60735235"
  Assets:CurrentAssets:AccountReceivable -20000 HKD
  type: "Invoice Payment"
  sourceId: "9e023db4-fd56-4850-a811-96d8e7ea2625"
  referenceNo: "198"
  orderId: "6a1e2515-031d-40a4-ac6b-d19e60735235"
  contact: "852 67684452 (MR. NEIL) [cea70065-ed01-46a2-aba1-41406bdfdf6c]"
2022-11-28 * "Assets:CurrentAssets:Bank:KpayBank" "Invoice Payment for Invoice #198 #3d3980d4-62ac-47c3-8d24-79a7ac4a8a7e"
  Assets:CurrentAssets:Bank:KpayBank 4000 HKD
  type: "Invoice Payment"
  sourceId: "3d3980d4-62ac-47c3-8d24-79a7ac4a8a7e"
  referenceNo: "198"
  orderId: "6a1e2515-031d-40a4-ac6b-d19e60735235"
  Assets:CurrentAssets:AccountReceivable -4000 HKD
  type: "Invoice Payment"
  sourceId: "3d3980d4-62ac-47c3-8d24-79a7ac4a8a7e"
  referenceNo: "198"
  orderId: "6a1e2515-031d-40a4-ac6b-d19e60735235"
  contact: "852 67684452 (MR. NEIL) [cea70065-ed01-46a2-aba1-41406bdfdf6c]"
2022-11-28 * "998 12345767 (SkyHigh Holdings Group Ltd) [efdca012-5d6e-4361-8ec7-f5566615d58a]" "Bill Payment for Bill #618 #4ef90ae1-8106-4f1f-a215-4ac1ebcdc1ac"
  contact: "998 12345767 (SkyHigh Holdings Group Ltd) [efdca012-5d6e-4361-8ec7-f5566615d58a]"
  Liabilities:CurrentLiabilities:AccountPayable 718 HKD
  type: "Bill Payment"
  sourceId: "4ef90ae1-8106-4f1f-a215-4ac1ebcdc1ac"
  referenceNo: "618"
  orderId: "cc8240a0-bdac-4968-8ed6-7ebeadac6678"
  Assets:CurrentAssets:TradeDeposit:TradeDeposit-SkyhighHoldingsGroupLtd -718 HKD
  type: "Bill Payment"
  sourceId: "4ef90ae1-8106-4f1f-a215-4ac1ebcdc1ac"
  referenceNo: "618"
  orderId: "cc8240a0-bdac-4968-8ed6-7ebeadac6678"
2022-11-28 * "998 12345767 (SkyHigh Holdings Group Ltd) [efdca012-5d6e-4361-8ec7-f5566615d58a]" "Bill Payment for Bill #613 #5984d0a1-035e-4e38-83db-4a92e7605bdd"
  contact: "998 12345767 (SkyHigh Holdings Group Ltd) [efdca012-5d6e-4361-8ec7-f5566615d58a]"
  Liabilities:CurrentLiabilities:AccountPayable 300 HKD
  type: "Bill Payment"
  sourceId: "5984d0a1-035e-4e38-83db-4a92e7605bdd"
  referenceNo: "613"
  orderId: "afec1d31-d5d4-46fc-b27a-386c5aa9e0f6"
  Assets:CurrentAssets:TradeDeposit:TradeDeposit-SkyhighHoldingsGroupLtd -300 HKD
  type: "Bill Payment"
  sourceId: "5984d0a1-035e-4e38-83db-4a92e7605bdd"
  referenceNo: "613"
  orderId: "afec1d31-d5d4-46fc-b27a-386c5aa9e0f6"
2022-11-28 * "998 12345767 (SkyHigh Holdings Group Ltd) [efdca012-5d6e-4361-8ec7-f5566615d58a]" "Bill Payment for Bill #651 #68c91d0c-39e2-424f-90c2-bcf404c91711"
  contact: "998 12345767 (SkyHigh Holdings Group Ltd) [efdca012-5d6e-4361-8ec7-f5566615d58a]"
  Liabilities:CurrentLiabilities:AccountPayable 2294 HKD
  type: "Bill Payment"
  sourceId: "68c91d0c-39e2-424f-90c2-bcf404c91711"
  referenceNo: "651"
  orderId: "924bd9d0-0b16-4710-87b3-9383c1ec1c25"
  Assets:CurrentAssets:TradeDeposit:TradeDeposit-SkyhighHoldingsGroupLtd -2294 HKD
  type: "Bill Payment"
  sourceId: "68c91d0c-39e2-424f-90c2-bcf404c91711"
  referenceNo: "651"
  orderId: "924bd9d0-0b16-4710-87b3-9383c1ec1c25"
2022-11-28 * "998 12345767 (SkyHigh Holdings Group Ltd) [efdca012-5d6e-4361-8ec7-f5566615d58a]" "Bill Payment for Bill #618 #fc128dd1-851e-4fa2-97dd-308adbfdfb29"
  contact: "998 12345767 (SkyHigh Holdings Group Ltd) [efdca012-5d6e-4361-8ec7-f5566615d58a]"
  Liabilities:CurrentLiabilities:AccountPayable 2272 HKD
  type: "Bill Payment"
  sourceId: "fc128dd1-851e-4fa2-97dd-308adbfdfb29"
  referenceNo: "618"
  orderId: "cc8240a0-bdac-4968-8ed6-7ebeadac6678"
  Assets:CurrentAssets:TradeDeposit:TradeDeposit-SkyhighHoldingsGroupLtd -2272 HKD
  type: "Bill Payment"
  sourceId: "fc128dd1-851e-4fa2-97dd-308adbfdfb29"
  referenceNo: "618"
  orderId: "cc8240a0-bdac-4968-8ed6-7ebeadac6678"
2022-11-28 * "998 12345767 (SkyHigh Holdings Group Ltd) [efdca012-5d6e-4361-8ec7-f5566615d58a]" "Bill Payment for Bill #618 #7ac7eb4a-5c52-4883-9665-a40f37f9a618"
  contact: "998 12345767 (SkyHigh Holdings Group Ltd) [efdca012-5d6e-4361-8ec7-f5566615d58a]"
  Liabilities:CurrentLiabilities:AccountPayable 1501 HKD
  type: "Bill Payment"
  sourceId: "7ac7eb4a-5c52-4883-9665-a40f37f9a618"
  referenceNo: "618"
  orderId: "cc8240a0-bdac-4968-8ed6-7ebeadac6678"
  Assets:CurrentAssets:TradeDeposit:TradeDeposit-SkyhighHoldingsGroupLtd -1501 HKD
  type: "Bill Payment"
  sourceId: "7ac7eb4a-5c52-4883-9665-a40f37f9a618"
  referenceNo: "618"
  orderId: "cc8240a0-bdac-4968-8ed6-7ebeadac6678"
2022-11-28 * "880 806 () [53b8789a-4451-4a1f-84f7-a9c5da7ada1a]" "Bill Payment for Bill #780 #0793c3eb-a573-4a49-bfa9-0ef73bf1eac6"
  contact: "880 806 () [53b8789a-4451-4a1f-84f7-a9c5da7ada1a]"
  Liabilities:CurrentLiabilities:AccountPayable 1900 HKD
  type: "Bill Payment"
  sourceId: "0793c3eb-a573-4a49-bfa9-0ef73bf1eac6"
  referenceNo: "780"
  orderId: "19e3386e-642d-4831-a102-c1220a4845cc"
  Liabilities:CurrentLiabilities:CurrentAccount:C-a-MilrichElectronicsHkCoLtd -1900 HKD
  type: "Bill Payment"
  sourceId: "0793c3eb-a573-4a49-bfa9-0ef73bf1eac6"
  referenceNo: "780"
  orderId: "19e3386e-642d-4831-a102-c1220a4845cc"
2022-11-28 * "998 12345767 (SkyHigh Holdings Group Ltd) [efdca012-5d6e-4361-8ec7-f5566615d58a]" "Bill Payment for Bill #613 #4e3a63a6-10b4-4ed6-8323-3bd66a0d0446"
  contact: "998 12345767 (SkyHigh Holdings Group Ltd) [efdca012-5d6e-4361-8ec7-f5566615d58a]"
  Liabilities:CurrentLiabilities:AccountPayable 1463 HKD
  type: "Bill Payment"
  sourceId: "4e3a63a6-10b4-4ed6-8323-3bd66a0d0446"
  referenceNo: "613"
  orderId: "afec1d31-d5d4-46fc-b27a-386c5aa9e0f6"
  Assets:CurrentAssets:TradeDeposit:TradeDeposit-SkyhighHoldingsGroupLtd -1463 HKD
  type: "Bill Payment"
  sourceId: "4e3a63a6-10b4-4ed6-8323-3bd66a0d0446"
  referenceNo: "613"
  orderId: "afec1d31-d5d4-46fc-b27a-386c5aa9e0f6"
2022-11-28 * "880 806 () [53b8789a-4451-4a1f-84f7-a9c5da7ada1a]" "Bill Payment for Bill #280 #d80629e3-9fb5-45b1-b516-acf9d57e6e4d"
  contact: "880 806 () [53b8789a-4451-4a1f-84f7-a9c5da7ada1a]"
  Liabilities:CurrentLiabilities:AccountPayable 50350 HKD
  type: "Bill Payment"
  sourceId: "d80629e3-9fb5-45b1-b516-acf9d57e6e4d"
  referenceNo: "280"
  orderId: "bda77e17-4c4a-441d-87e5-8ad3554b3027"
  Assets:CurrentAssets:Bank:BocSavingBank -50350 HKD
  type: "Bill Payment"
  sourceId: "d80629e3-9fb5-45b1-b516-acf9d57e6e4d"
  referenceNo: "280"
  orderId: "bda77e17-4c4a-441d-87e5-8ad3554b3027"
2022-11-28 * "998 12345821 (KPAY) [5a706f32-7edc-48d8-ae47-62fee1e8bba1]" "Bill Payment for Bill #330 #05f0d37f-18ef-46dc-aae4-545218749fa6"
  contact: "998 12345821 (KPAY) [5a706f32-7edc-48d8-ae47-62fee1e8bba1]"
  Liabilities:CurrentLiabilities:AccountPayable 706 HKD
  type: "Bill Payment"
  sourceId: "05f0d37f-18ef-46dc-aae4-545218749fa6"
  referenceNo: "330"
  orderId: "aec4910e-075c-44e0-a6aa-b77ca1b55fd6"
  Assets:CurrentAssets:Bank:KpayBank -706 HKD
  type: "Bill Payment"
  sourceId: "05f0d37f-18ef-46dc-aae4-545218749fa6"
  referenceNo: "330"
  orderId: "aec4910e-075c-44e0-a6aa-b77ca1b55fd6"
2022-11-29 * "Bill #331 kpay051"
  referenceNo: "331"
  orderId: "bea33570-ca08-469d-91a2-d75c34542a4b"
  type: "Bill"
  Expenses:CardFeeExpense 755.5 HKD
  qty: "1"
  description: "KPAY FEE"
  referenceNo: "331"
  orderId: "bea33570-ca08-469d-91a2-d75c34542a4b"
  type: "Bill Item"
  sourceId: "cd9b3683-d850-42d8-8690-34cd98f2c48b"
  Liabilities:CurrentLiabilities:AccountPayable
  referenceNo: "331"
  orderId: "bea33570-ca08-469d-91a2-d75c34542a4b"
  type: "Bill"
  sourceId: "bea33570-ca08-469d-91a2-d75c34542a4b"
  contact: "998 12345821 (KPAY) [5a706f32-7edc-48d8-ae47-62fee1e8bba1]"
2022-11-29 * "Bill #272 BANK FEE"
  referenceNo: "272"
  orderId: "e5ccfda7-18d3-47a8-bc8b-df0285533b46"
  type: "Bill"
  Expenses:BankFeesExpense 105 HKD
  qty: "1"
  description: "BANK FEE"
  referenceNo: "272"
  orderId: "e5ccfda7-18d3-47a8-bc8b-df0285533b46"
  type: "Bill Item"
  sourceId: "d0bccef2-c637-4adb-bfe5-71a60e4bee1f"
  Liabilities:CurrentLiabilities:AccountPayable
  referenceNo: "272"
  orderId: "e5ccfda7-18d3-47a8-bc8b-df0285533b46"
  type: "Bill"
  sourceId: "e5ccfda7-18d3-47a8-bc8b-df0285533b46"
  contact: "880 806 () [53b8789a-4451-4a1f-84f7-a9c5da7ada1a]"
2022-11-29 * "Assets:CurrentAssets:Bank:KpayBank" "Invoice Payment for Invoice #103 #b7739567-0da3-4b60-876a-08a6a434d902"
  Assets:CurrentAssets:Bank:KpayBank 32900 HKD
  type: "Invoice Payment"
  sourceId: "b7739567-0da3-4b60-876a-08a6a434d902"
  referenceNo: "103"
  orderId: "9f7053db-b1e1-47a1-8cd5-c9cdb6951b70"
  Assets:CurrentAssets:AccountReceivable -32900 HKD
  type: "Invoice Payment"
  sourceId: "b7739567-0da3-4b60-876a-08a6a434d902"
  referenceNo: "103"
  orderId: "9f7053db-b1e1-47a1-8cd5-c9cdb6951b70"
  contact: "852 63014042 (MR. LAI CALVIN) [df1d2337-6493-4b75-b7e8-92cd83857690]"
2022-11-29 * "Assets:CurrentAssets:Bank:KpayBank" "Invoice Payment for Invoice #174 #9d91235a-d26c-4c1d-99e7-61cb642e0bfa"
  Assets:CurrentAssets:Bank:KpayBank 17400 HKD
  type: "Invoice Payment"
  sourceId: "9d91235a-d26c-4c1d-99e7-61cb642e0bfa"
  referenceNo: "174"
  orderId: "8abbc51d-e81e-4ce1-90b7-9031f3567d8a"
  Assets:CurrentAssets:AccountReceivable -17400 HKD
  type: "Invoice Payment"
  sourceId: "9d91235a-d26c-4c1d-99e7-61cb642e0bfa"
  referenceNo: "174"
  orderId: "8abbc51d-e81e-4ce1-90b7-9031f3567d8a"
  contact: "852 92504797 (MR. SHUM FRANKIE) [38eac647-9734-412a-ace4-3cdf1f31d149]"
2022-11-29 * "Assets:CurrentAssets:Bank:BocSavingBank" "Invoice Payment for Invoice #104 #1f14768a-b917-461c-8bee-22dfb7db1c21"
  Assets:CurrentAssets:Bank:BocSavingBank 53100 HKD
  type: "Invoice Payment"
  sourceId: "1f14768a-b917-461c-8bee-22dfb7db1c21"
  referenceNo: "104"
  orderId: "132bacf4-f6b4-43ed-8b46-d244573b930d"
  Assets:CurrentAssets:AccountReceivable -53100 HKD
  type: "Invoice Payment"
  sourceId: "1f14768a-b917-461c-8bee-22dfb7db1c21"
  referenceNo: "104"
  orderId: "132bacf4-f6b4-43ed-8b46-d244573b930d"
  contact: "852 97125238 (MR. YEUNG GIMMY) [cfa9d8d6-1a97-4719-a119-23978bed2118]"
2022-11-29 * "880 806 () [53b8789a-4451-4a1f-84f7-a9c5da7ada1a]" "Bill Payment for Bill #272 #9ab359b0-7ba8-4a94-a5a6-89a7f5ba8352"
  contact: "880 806 () [53b8789a-4451-4a1f-84f7-a9c5da7ada1a]"
  Liabilities:CurrentLiabilities:AccountPayable 105 HKD
  type: "Bill Payment"
  sourceId: "9ab359b0-7ba8-4a94-a5a6-89a7f5ba8352"
  referenceNo: "272"
  orderId: "e5ccfda7-18d3-47a8-bc8b-df0285533b46"
  Assets:CurrentAssets:Bank:BocSavingBank -105 HKD
  type: "Bill Payment"
  sourceId: "9ab359b0-7ba8-4a94-a5a6-89a7f5ba8352"
  referenceNo: "272"
  orderId: "e5ccfda7-18d3-47a8-bc8b-df0285533b46"
2022-11-29 * "998 12345821 (KPAY) [5a706f32-7edc-48d8-ae47-62fee1e8bba1]" "Bill Payment for Bill #331 #94031aed-ebf7-4cd4-81c0-560e17d92c6b"
  contact: "998 12345821 (KPAY) [5a706f32-7edc-48d8-ae47-62fee1e8bba1]"
  Liabilities:CurrentLiabilities:AccountPayable 755.5 HKD
  type: "Bill Payment"
  sourceId: "94031aed-ebf7-4cd4-81c0-560e17d92c6b"
  referenceNo: "331"
  orderId: "bea33570-ca08-469d-91a2-d75c34542a4b"
  Assets:CurrentAssets:Bank:KpayBank -755.5 HKD
  type: "Bill Payment"
  sourceId: "94031aed-ebf7-4cd4-81c0-560e17d92c6b"
  referenceNo: "331"
  orderId: "bea33570-ca08-469d-91a2-d75c34542a4b"
2022-11-29 * "Bill #438 DENSITY TESTER TWS-1200K"
  referenceNo: "438"
  orderId: "9dd23fba-90b7-4659-af6f-9c1121675117"
  type: "Bill"
  Assets:Non-currentAssets:BuyEquipment 1444 USD
  qty: "1"
  description: "Density Tester(H$1350 + Fright(H$74)+INSURANCE(H$20)"
  referenceNo: "438"
  orderId: "9dd23fba-90b7-4659-af6f-9c1121675117"
  type: "Bill Item"
  sourceId: "2efdc584-098a-417c-981a-605d0e73a62a"
  Liabilities:CurrentLiabilities:AccountPayable
  referenceNo: "438"
  orderId: "9dd23fba-90b7-4659-af6f-9c1121675117"
  type: "Bill"
  sourceId: "9dd23fba-90b7-4659-af6f-9c1121675117"
  contact: "998 12345713 (GROUP PROSPERS ENTERPRISE CO LTD) [c4b4666f-873d-4230-8477-ae44d3ed3c91]"
2022-11-29 * "998 12345713 (GROUP PROSPERS ENTERPRISE CO LTD) [c4b4666f-873d-4230-8477-ae44d3ed3c91]" "Bill Payment for Bill #438 #3d3cba4d-9748-45fa-aa8f-77b9aadb290b"
  contact: "998 12345713 (GROUP PROSPERS ENTERPRISE CO LTD) [c4b4666f-873d-4230-8477-ae44d3ed3c91]"
  Liabilities:CurrentLiabilities:AccountPayable 1444 USD
  type: "Bill Payment"
  sourceId: "3d3cba4d-9748-45fa-aa8f-77b9aadb290b"
  referenceNo: "438"
  orderId: "9dd23fba-90b7-4659-af6f-9c1121675117"
  Assets:CurrentAssets:Bank:BocForeignBank -1444 USD
  type: "Bill Payment"
  sourceId: "3d3cba4d-9748-45fa-aa8f-77b9aadb290b"
  referenceNo: "438"
  orderId: "9dd23fba-90b7-4659-af6f-9c1121675117"
2022-11-30 * "Invoice #102 interest"
  Income:OtherIncome:Interest-bank -73.17 HKD
  description: "interest"
  qty: 1
  referenceNo: "102"
  orderId: "fcfd7f5e-c9b0-4aeb-968a-3e8b5f8b3a6a"
  type: "Invoice Item"
  sourceId: "4a5c2231-fedb-40e2-a583-1b93233c9d19"
  Assets:CurrentAssets:AccountReceivable
  referenceNo: "102"
  orderId: "fcfd7f5e-c9b0-4aeb-968a-3e8b5f8b3a6a"
  type: "Invoice"
  sourceId: "fcfd7f5e-c9b0-4aeb-968a-3e8b5f8b3a6a"
  contact: "998 12345835 (boc(bank of china)) [82f385a7-d238-4826-9a12-e06648f93cdb]"
2022-11-30 * "Assets:CurrentAssets:Bank:BocSavingBank" "Invoice Payment for Invoice #102 #d2aa4d41-d04f-4b1c-b88d-654ef45b5852"
  Assets:CurrentAssets:Bank:BocSavingBank 73.17 HKD
  type: "Invoice Payment"
  sourceId: "d2aa4d41-d04f-4b1c-b88d-654ef45b5852"
  referenceNo: "102"
  orderId: "fcfd7f5e-c9b0-4aeb-968a-3e8b5f8b3a6a"
  Assets:CurrentAssets:AccountReceivable -73.17 HKD
  type: "Invoice Payment"
  sourceId: "d2aa4d41-d04f-4b1c-b88d-654ef45b5852"
  referenceNo: "102"
  orderId: "fcfd7f5e-c9b0-4aeb-968a-3e8b5f8b3a6a"
  contact: "998 12345835 (boc(bank of china)) [82f385a7-d238-4826-9a12-e06648f93cdb]"