; ORDER transactions for 2023-04

2023-04-03 * "Bill #666 NO.0024225 鑲鑽戒6PCS"
  referenceNo: "666"
  orderId: "66223d75-c03b-46c1-bd8a-ad606919dd3b"
  type: "Bill"
  Expenses:CostOfSales:Purchase:PurchaseItem:BuyCost-ProcessingFee 1800.00 HKD
  qty: "1"
  description: "鑲LAB鑽戒6PCS費用    "
  referenceNo: "666"
  orderId: "66223d75-c03b-46c1-bd8a-ad606919dd3b"
  type: "Bill Item"
  sourceId: "9600a2b6-6a62-4348-91d1-4f4e8f9f2c87"
  Liabilities:CurrentLiabilities:AccountPayable
  referenceNo: "666"
  orderId: "66223d75-c03b-46c1-bd8a-ad606919dd3b"
  type: "Bill"
  sourceId: "66223d75-c03b-46c1-bd8a-ad606919dd3b"
  contact: "998 12345740 (PRESSUREWORKDESIGNCONSULTANTS) [205398a5-a6c5-4a09-938a-7308f6334f41]"
2023-04-03 * "998 12345740 (PRESSUREWORKDESIGNCONSULTANTS) [205398a5-a6c5-4a09-938a-7308f6334f41]" "Bill Payment for Bill #666 #4c81de44-b004-4215-b9dc-c480edc0925e"
  Liabilities:CurrentLiabilities:AccountPayable 1800.00 HKD
  contact: "998 12345740 (PRESSUREWORKDESIGNCONSULTANTS) [205398a5-a6c5-4a09-938a-7308f6334f41]"
  type: "Bill Payment"
  sourceId: "4c81de44-b004-4215-b9dc-c480edc0925e"
  referenceNo: "666"
  orderId: "66223d75-c03b-46c1-bd8a-ad606919dd3b"
  Assets:CurrentAssets:Cash:CashInHand -1800.00 HKD
  type: "Bill Payment"
  sourceId: "4c81de44-b004-4215-b9dc-c480edc0925e"
  referenceNo: "666"
  orderId: "66223d75-c03b-46c1-bd8a-ad606919dd3b"
2023-04-03 * "Bill #472 GOOGLE*ADS7416995186"
  referenceNo: "472"
  orderId: "5501d6a1-59c2-474b-8394-4eaf40fde428"
  type: "Bill"
  Expenses:GeneralExpense:AdvertisingAndBranding 3890.25 HKD
  qty: "1"
  description: "GOOGLE*ADS7416995186"
  referenceNo: "472"
  orderId: "5501d6a1-59c2-474b-8394-4eaf40fde428"
  type: "Bill Item"
  sourceId: "4f6fdec0-f284-4ed3-99fa-e7607b4ab601"
  Liabilities:CurrentLiabilities:AccountPayable
  referenceNo: "472"
  orderId: "5501d6a1-59c2-474b-8394-4eaf40fde428"
  type: "Bill"
  sourceId: "5501d6a1-59c2-474b-8394-4eaf40fde428"
  contact: "880 806 () [53b8789a-4451-4a1f-84f7-a9c5da7ada1a]"
2023-04-03 * "Bill #465 OVERSEA TRANSACTION FEE"
  referenceNo: "465"
  orderId: "6aa04914-11d8-4d75-bf2e-6e0d26bb0de3"
  type: "Bill"
  Expenses:GeneralExpense:BankFeesExpense 31.12 HKD
  qty: "1"
  description: "OVERSEA TRANSACTION FEE"
  referenceNo: "465"
  orderId: "6aa04914-11d8-4d75-bf2e-6e0d26bb0de3"
  type: "Bill Item"
  sourceId: "8c968fe4-805b-4670-a3b1-36454680d30c"
  Liabilities:CurrentLiabilities:AccountPayable
  referenceNo: "465"
  orderId: "6aa04914-11d8-4d75-bf2e-6e0d26bb0de3"
  type: "Bill"
  sourceId: "6aa04914-11d8-4d75-bf2e-6e0d26bb0de3"
  contact: "998 12345835 (boc(bankofchina)) [82f385a7-d238-4826-9a12-e06648f93cdb]"
2023-04-03 * "880 806 () [53b8789a-4451-4a1f-84f7-a9c5da7ada1a]" "Bill Payment for Bill #472 #6bb7a169-0f9c-4f5f-82cf-90b63a26194c"
  Liabilities:CurrentLiabilities:AccountPayable 3890.25 HKD
  contact: "880 806 () [53b8789a-4451-4a1f-84f7-a9c5da7ada1a]"
  type: "Bill Payment"
  sourceId: "6bb7a169-0f9c-4f5f-82cf-90b63a26194c"
  referenceNo: "472"
  orderId: "5501d6a1-59c2-474b-8394-4eaf40fde428"
  Assets:CurrentAssets:Bank:BocVisaCard-DavidBank -3890.25 HKD
  type: "Bill Payment"
  sourceId: "6bb7a169-0f9c-4f5f-82cf-90b63a26194c"
  referenceNo: "472"
  orderId: "5501d6a1-59c2-474b-8394-4eaf40fde428"
2023-04-03 * "998 12345835 (boc(bankofchina)) [82f385a7-d238-4826-9a12-e06648f93cdb]" "Bill Payment for Bill #465 #26c6875f-0f6b-48dd-8c01-ac29da8e84d8"
  Liabilities:CurrentLiabilities:AccountPayable 31.12 HKD
  contact: "998 12345835 (boc(bankofchina)) [82f385a7-d238-4826-9a12-e06648f93cdb]"
  type: "Bill Payment"
  sourceId: "26c6875f-0f6b-48dd-8c01-ac29da8e84d8"
  referenceNo: "465"
  orderId: "6aa04914-11d8-4d75-bf2e-6e0d26bb0de3"
  Assets:CurrentAssets:Bank:BocVisaCard-DavidBank -31.12 HKD
  type: "Bill Payment"
  sourceId: "26c6875f-0f6b-48dd-8c01-ac29da8e84d8"
  referenceNo: "465"
  orderId: "6aa04914-11d8-4d75-bf2e-6e0d26bb0de3"
2023-04-03 * "Bill #256 323 4月2023 租金"
  referenceNo: "256"
  orderId: "8a28c67f-8257-4e1b-ac3f-cb3970e73a19"
  type: "Bill"
  Expenses:GeneralExpense:Rent 17000.00 HKD
  qty: "1"
  description: "323 4月2023 租金"
  referenceNo: "256"
  orderId: "8a28c67f-8257-4e1b-ac3f-cb3970e73a19"
  type: "Bill Item"
  sourceId: "b3b2b5db-c40c-4828-891d-98ec7e4d8333"
  Liabilities:CurrentLiabilities:AccountPayable
  referenceNo: "256"
  orderId: "8a28c67f-8257-4e1b-ac3f-cb3970e73a19"
  type: "Bill"
  sourceId: "8a28c67f-8257-4e1b-ac3f-cb3970e73a19"
  contact: "880 806 () [53b8789a-4451-4a1f-84f7-a9c5da7ada1a]"
2023-04-03 * "880 806 () [53b8789a-4451-4a1f-84f7-a9c5da7ada1a]" "Bill Payment for Bill #256 #f625b9bd-be95-4fd5-bf4b-f5587d2c8dcd"
  Liabilities:CurrentLiabilities:AccountPayable 17000.00 HKD
  contact: "880 806 () [53b8789a-4451-4a1f-84f7-a9c5da7ada1a]"
  type: "Bill Payment"
  sourceId: "f625b9bd-be95-4fd5-bf4b-f5587d2c8dcd"
  referenceNo: "256"
  orderId: "8a28c67f-8257-4e1b-ac3f-cb3970e73a19"
  Assets:CurrentAssets:Bank:BocCurrentBank -17000.00 HKD
  type: "Bill Payment"
  sourceId: "f625b9bd-be95-4fd5-bf4b-f5587d2c8dcd"
  referenceNo: "256"
  orderId: "8a28c67f-8257-4e1b-ac3f-cb3970e73a19"
2023-04-04 * "Bill #314 G17 5月2023 租金"
  referenceNo: "314"
  orderId: "5a99e967-ed52-4960-b15b-a787c06bdd39"
  type: "Bill"
  Expenses:GeneralExpense:Rent 48000.00 HKD
  qty: "1"
  description: "G17  5月租金"
  referenceNo: "314"
  orderId: "5a99e967-ed52-4960-b15b-a787c06bdd39"
  type: "Bill Item"
  sourceId: "78c043a0-3939-4e8c-a0c3-851b8ff5ceec"
  Liabilities:CurrentLiabilities:AccountPayable
  referenceNo: "314"
  orderId: "5a99e967-ed52-4960-b15b-a787c06bdd39"
  type: "Bill"
  sourceId: "5a99e967-ed52-4960-b15b-a787c06bdd39"
  contact: "880 806 () [53b8789a-4451-4a1f-84f7-a9c5da7ada1a]"
2023-04-04 * "Bill #293 G17 按金 - DEPOSIT"
  referenceNo: "293"
  orderId: "bcee3682-9844-44a5-b672-4da109b0477a"
  type: "Bill"
  Assets:OtherAssets:Deposit押金 96000.00 HKD
  qty: "1"
  description: "G17 按金 - DEPOSIT"
  referenceNo: "293"
  orderId: "bcee3682-9844-44a5-b672-4da109b0477a"
  type: "Bill Item"
  sourceId: "f19bd2c0-9f2a-4a48-a7f1-8e84f0b74ace"
  Liabilities:CurrentLiabilities:AccountPayable
  referenceNo: "293"
  orderId: "bcee3682-9844-44a5-b672-4da109b0477a"
  type: "Bill"
  sourceId: "bcee3682-9844-44a5-b672-4da109b0477a"
  contact: "880 806 () [53b8789a-4451-4a1f-84f7-a9c5da7ada1a]"
2023-04-04 * "880 806 () [53b8789a-4451-4a1f-84f7-a9c5da7ada1a]" "Bill Payment for Bill #293 #1b303b8d-303c-45d5-993f-ba6496cedb6d"
  Liabilities:CurrentLiabilities:AccountPayable 96000.00 HKD
  contact: "880 806 () [53b8789a-4451-4a1f-84f7-a9c5da7ada1a]"
  type: "Bill Payment"
  sourceId: "1b303b8d-303c-45d5-993f-ba6496cedb6d"
  referenceNo: "293"
  orderId: "bcee3682-9844-44a5-b672-4da109b0477a"
  Assets:CurrentAssets:Bank:BocCurrentBank -96000.00 HKD
  type: "Bill Payment"
  sourceId: "1b303b8d-303c-45d5-993f-ba6496cedb6d"
  referenceNo: "293"
  orderId: "bcee3682-9844-44a5-b672-4da109b0477a"
2023-04-04 * "880 806 () [53b8789a-4451-4a1f-84f7-a9c5da7ada1a]" "Bill Payment for Bill #314 #f7f048e1-4541-4247-b612-d2eb480b96eb"
  Liabilities:CurrentLiabilities:AccountPayable 48000.00 HKD
  contact: "880 806 () [53b8789a-4451-4a1f-84f7-a9c5da7ada1a]"
  type: "Bill Payment"
  sourceId: "f7f048e1-4541-4247-b612-d2eb480b96eb"
  referenceNo: "314"
  orderId: "5a99e967-ed52-4960-b15b-a787c06bdd39"
  Assets:CurrentAssets:Bank:BocCurrentBank -48000.00 HKD
  type: "Bill Payment"
  sourceId: "f7f048e1-4541-4247-b612-d2eb480b96eb"
  referenceNo: "314"
  orderId: "5a99e967-ed52-4960-b15b-a787c06bdd39"
2023-04-06 * "Bill #811 G17 租約釐印 (STAMP TAX)"
  referenceNo: "811"
  orderId: "d54dfd86-b992-44e4-86b9-2eaa44f67526"
  type: "Bill"
  Expenses:GeneralExpense:StampDuty 1440.00 HKD
  qty: "1"
  description: "G17 租約釐印 (STAMP TAX)"
  referenceNo: "811"
  orderId: "d54dfd86-b992-44e4-86b9-2eaa44f67526"
  type: "Bill Item"
  sourceId: "51ed761b-59e3-448f-a642-97fdab0171a6"
  Liabilities:CurrentLiabilities:AccountPayable
  referenceNo: "811"
  orderId: "d54dfd86-b992-44e4-86b9-2eaa44f67526"
  type: "Bill"
  sourceId: "d54dfd86-b992-44e4-86b9-2eaa44f67526"
  contact: "880 806 () [53b8789a-4451-4a1f-84f7-a9c5da7ada1a]"
2023-04-06 * "Bill #804 G17 中電 電費按金"
  referenceNo: "804"
  orderId: "2d1f1ce1-8ebf-4ac7-9f4c-b388aedd16f4"
  type: "Bill"
  Assets:OtherAssets:Deposit押金 2000.00 HKD
  qty: "1"
  description: "G17 中電 電費按金"
  referenceNo: "804"
  orderId: "2d1f1ce1-8ebf-4ac7-9f4c-b388aedd16f4"
  type: "Bill Item"
  sourceId: "4da8a434-9d5b-4857-81e0-aaf752993866"
  Liabilities:CurrentLiabilities:AccountPayable
  referenceNo: "804"
  orderId: "2d1f1ce1-8ebf-4ac7-9f4c-b388aedd16f4"
  type: "Bill"
  sourceId: "2d1f1ce1-8ebf-4ac7-9f4c-b388aedd16f4"
  contact: "880 806 () [53b8789a-4451-4a1f-84f7-a9c5da7ada1a]"
2023-04-06 * "880 806 () [53b8789a-4451-4a1f-84f7-a9c5da7ada1a]" "Bill Payment for Bill #804 #54aa6e6a-4258-4c54-92a9-7983e63ea3da"
  Liabilities:CurrentLiabilities:AccountPayable 2000.00 HKD
  contact: "880 806 () [53b8789a-4451-4a1f-84f7-a9c5da7ada1a]"
  type: "Bill Payment"
  sourceId: "54aa6e6a-4258-4c54-92a9-7983e63ea3da"
  referenceNo: "804"
  orderId: "2d1f1ce1-8ebf-4ac7-9f4c-b388aedd16f4"
  Liabilities:CurrentLiabilities:CurrentAccount:C-a-MilrichElectronicsHkCoLtd -2000.00 HKD
  type: "Bill Payment"
  sourceId: "54aa6e6a-4258-4c54-92a9-7983e63ea3da"
  referenceNo: "804"
  orderId: "2d1f1ce1-8ebf-4ac7-9f4c-b388aedd16f4"
2023-04-06 * "880 806 () [53b8789a-4451-4a1f-84f7-a9c5da7ada1a]" "Bill Payment for Bill #811 #d968fe83-0cf1-4f15-b8f9-8f1c5d09da4e"
  Liabilities:CurrentLiabilities:AccountPayable 1440.00 HKD
  contact: "880 806 () [53b8789a-4451-4a1f-84f7-a9c5da7ada1a]"
  type: "Bill Payment"
  sourceId: "d968fe83-0cf1-4f15-b8f9-8f1c5d09da4e"
  referenceNo: "811"
  orderId: "d54dfd86-b992-44e4-86b9-2eaa44f67526"
  Liabilities:CurrentLiabilities:CurrentAccount:C-a-MilrichElectronicsHkCoLtd -1440.00 HKD
  type: "Bill Payment"
  sourceId: "d968fe83-0cf1-4f15-b8f9-8f1c5d09da4e"
  referenceNo: "811"
  orderId: "d54dfd86-b992-44e4-86b9-2eaa44f67526"
2023-04-10 * "Bill #792 323 23年4-7月電話費 "
  referenceNo: "792"
  orderId: "e8269f30-bb42-4009-9a31-23e3e6ad87ac"
  type: "Bill"
  Expenses:GeneralExpense:TelephoneAndInternetAndAlarm 302.00 HKD
  qty: "1"
  description: "323 23年4-7月電話費"
  referenceNo: "792"
  orderId: "e8269f30-bb42-4009-9a31-23e3e6ad87ac"
  type: "Bill Item"
  sourceId: "128e2e23-58ca-444b-9dd3-615e1f93a777"
  Liabilities:CurrentLiabilities:AccountPayable
  referenceNo: "792"
  orderId: "e8269f30-bb42-4009-9a31-23e3e6ad87ac"
  type: "Bill"
  sourceId: "e8269f30-bb42-4009-9a31-23e3e6ad87ac"
  contact: "880 806 () [53b8789a-4451-4a1f-84f7-a9c5da7ada1a]"
2023-04-10 * "880 806 () [53b8789a-4451-4a1f-84f7-a9c5da7ada1a]" "Bill Payment for Bill #792 #753f385e-f66b-4e8b-a0d1-dc2aac4ae64d"
  Liabilities:CurrentLiabilities:AccountPayable 302.00 HKD
  contact: "880 806 () [53b8789a-4451-4a1f-84f7-a9c5da7ada1a]"
  type: "Bill Payment"
  sourceId: "753f385e-f66b-4e8b-a0d1-dc2aac4ae64d"
  referenceNo: "792"
  orderId: "e8269f30-bb42-4009-9a31-23e3e6ad87ac"
  Liabilities:CurrentLiabilities:CurrentAccount:C-a-MilrichElectronicsHkCoLtd -302.00 HKD
  type: "Bill Payment"
  sourceId: "753f385e-f66b-4e8b-a0d1-dc2aac4ae64d"
  referenceNo: "792"
  orderId: "e8269f30-bb42-4009-9a31-23e3e6ad87ac"
2023-04-11 * "880 806 () [53b8789a-4451-4a1f-84f7-a9c5da7ada1a]" "Bill Payment for Bill #470 #65f5551b-2247-4acf-9504-d45e6632a146"
  Liabilities:CurrentLiabilities:AccountPayable 1440.69 HKD
  contact: "880 806 () [53b8789a-4451-4a1f-84f7-a9c5da7ada1a]"
  type: "Bill Payment"
  sourceId: "65f5551b-2247-4acf-9504-d45e6632a146"
  referenceNo: "470"
  orderId: "d9c08b90-14f9-4bd6-ab17-c2b787fd3774"
  Assets:CurrentAssets:Bank:BocVisaCard-DavidBank -1440.69 HKD
  type: "Bill Payment"
  sourceId: "65f5551b-2247-4acf-9504-d45e6632a146"
  referenceNo: "470"
  orderId: "d9c08b90-14f9-4bd6-ab17-c2b787fd3774"
2023-04-11 * "Bill #470 MUI STORE* #63914 PARIS FR"
  referenceNo: "470"
  orderId: "d9c08b90-14f9-4bd6-ab17-c2b787fd3774"
  type: "Bill"
  Expenses:GeneralExpense:GeneralExpensesDirect 1440.69 HKD
  qty: "1"
  description: "MUI STORE* #63914 PARIS FR USD180 @8.0033333"
  referenceNo: "470"
  orderId: "d9c08b90-14f9-4bd6-ab17-c2b787fd3774"
  type: "Bill Item"
  sourceId: "95fee0e5-66e5-4b3c-99a5-9beee880a4da"
  Liabilities:CurrentLiabilities:AccountPayable
  referenceNo: "470"
  orderId: "d9c08b90-14f9-4bd6-ab17-c2b787fd3774"
  type: "Bill"
  sourceId: "d9c08b90-14f9-4bd6-ab17-c2b787fd3774"
  contact: "880 806 () [53b8789a-4451-4a1f-84f7-a9c5da7ada1a]"
2023-04-13 * "Bill #222 EPS 23年3月手續費"
  referenceNo: "222"
  orderId: "d416e37d-1784-43cd-ba32-97215a555a5b"
  type: "Bill"
  Expenses:GeneralExpense:BankFeesExpense 410.00 HKD
  qty: "1"
  description: "EPS 23年3月手續費"
  referenceNo: "222"
  orderId: "d416e37d-1784-43cd-ba32-97215a555a5b"
  type: "Bill Item"
  sourceId: "1f2356f6-c68f-45a7-a599-9fc73538651b"
  Liabilities:CurrentLiabilities:AccountPayable
  referenceNo: "222"
  orderId: "d416e37d-1784-43cd-ba32-97215a555a5b"
  type: "Bill"
  sourceId: "d416e37d-1784-43cd-ba32-97215a555a5b"
  contact: "880 806 () [53b8789a-4451-4a1f-84f7-a9c5da7ada1a]"
2023-04-13 * "Bill #243 bank fee TT"
  referenceNo: "243"
  orderId: "d704ac9f-623a-46f8-9751-88d19e631ec0"
  type: "Bill"
  Expenses:GeneralExpense:BankFeesExpense 355.00 HKD
  qty: "1"
  description: ""
  referenceNo: "243"
  orderId: "d704ac9f-623a-46f8-9751-88d19e631ec0"
  type: "Bill Item"
  sourceId: "ebacd093-8206-4c8e-8aa0-f803f45af845"
  Liabilities:CurrentLiabilities:AccountPayable
  referenceNo: "243"
  orderId: "d704ac9f-623a-46f8-9751-88d19e631ec0"
  type: "Bill"
  sourceId: "d704ac9f-623a-46f8-9751-88d19e631ec0"
  contact: "880 806 () [53b8789a-4451-4a1f-84f7-a9c5da7ada1a]"
2023-04-13 * "Bill #803 323 MATCH 工資 (FINAL PAY)"
  referenceNo: "803"
  orderId: "b6e8c778-2ed2-49c9-9f1e-ecab89a12a7c"
  type: "Bill"
  Expenses:GeneralExpense:WagesAndSalaries 3333.00 HKD
  qty: "1"
  description: "323 MATCH  工資 (FINAL PAY)"
  referenceNo: "803"
  orderId: "b6e8c778-2ed2-49c9-9f1e-ecab89a12a7c"
  type: "Bill Item"
  sourceId: "7538fad7-af83-4177-9840-9a9542709608"
  Liabilities:CurrentLiabilities:AccountPayable
  referenceNo: "803"
  orderId: "b6e8c778-2ed2-49c9-9f1e-ecab89a12a7c"
  type: "Bill"
  sourceId: "b6e8c778-2ed2-49c9-9f1e-ecab89a12a7c"
  contact: "880 806 () [53b8789a-4451-4a1f-84f7-a9c5da7ada1a]"
2023-04-13 * "Bill #806 G17 申請裝修員工證按金 DEPOSIT"
  referenceNo: "806"
  orderId: "93a9c0b6-20a3-4169-ad3f-96dbc219e491"
  type: "Bill"
  Assets:OtherAssets:Deposit押金 300.00 HKD
  qty: "1"
  description: "G17 申請裝修員工證按金 DEPOSIT"
  referenceNo: "806"
  orderId: "93a9c0b6-20a3-4169-ad3f-96dbc219e491"
  type: "Bill Item"
  sourceId: "3df49384-d3c7-43c7-8a30-d20610c327c6"
  Liabilities:CurrentLiabilities:AccountPayable
  referenceNo: "806"
  orderId: "93a9c0b6-20a3-4169-ad3f-96dbc219e491"
  type: "Bill"
  sourceId: "93a9c0b6-20a3-4169-ad3f-96dbc219e491"
  contact: "880 806 () [53b8789a-4451-4a1f-84f7-a9c5da7ada1a]"
2023-04-13 * "Bill #805 G17 裝修按金 DEPOSIT"
  referenceNo: "805"
  orderId: "8bd64fe9-43e4-4fa7-955c-174d6f669d27"
  type: "Bill"
  Assets:OtherAssets:Deposit押金 40000.00 HKD
  qty: "1"
  description: "G17 裝修按金 DEPOSIT"
  referenceNo: "805"
  orderId: "8bd64fe9-43e4-4fa7-955c-174d6f669d27"
  type: "Bill Item"
  sourceId: "7eb6ec93-d67a-4fd6-98dd-2e2777971972"
  Liabilities:CurrentLiabilities:AccountPayable
  referenceNo: "805"
  orderId: "8bd64fe9-43e4-4fa7-955c-174d6f669d27"
  type: "Bill"
  sourceId: "8bd64fe9-43e4-4fa7-955c-174d6f669d27"
  contact: "880 806 () [53b8789a-4451-4a1f-84f7-a9c5da7ada1a]"
2023-04-13 * "880 806 () [53b8789a-4451-4a1f-84f7-a9c5da7ada1a]" "Bill Payment for Bill #805 #8c5d2db7-ae7c-4c30-a043-53ef4e2e4d75"
  Liabilities:CurrentLiabilities:AccountPayable 40000.00 HKD
  contact: "880 806 () [53b8789a-4451-4a1f-84f7-a9c5da7ada1a]"
  type: "Bill Payment"
  sourceId: "8c5d2db7-ae7c-4c30-a043-53ef4e2e4d75"
  referenceNo: "805"
  orderId: "8bd64fe9-43e4-4fa7-955c-174d6f669d27"
  Liabilities:CurrentLiabilities:CurrentAccount:C-a-MilrichElectronicsHkCoLtd -40000.00 HKD
  type: "Bill Payment"
  sourceId: "8c5d2db7-ae7c-4c30-a043-53ef4e2e4d75"
  referenceNo: "805"
  orderId: "8bd64fe9-43e4-4fa7-955c-174d6f669d27"
2023-04-13 * "880 806 () [53b8789a-4451-4a1f-84f7-a9c5da7ada1a]" "Bill Payment for Bill #806 #98a0943c-f186-4056-b5d6-38dd12c2cadc"
  Liabilities:CurrentLiabilities:AccountPayable 300.00 HKD
  contact: "880 806 () [53b8789a-4451-4a1f-84f7-a9c5da7ada1a]"
  type: "Bill Payment"
  sourceId: "98a0943c-f186-4056-b5d6-38dd12c2cadc"
  referenceNo: "806"
  orderId: "93a9c0b6-20a3-4169-ad3f-96dbc219e491"
  Liabilities:CurrentLiabilities:CurrentAccount:C-a-MilrichElectronicsHkCoLtd -300.00 HKD
  type: "Bill Payment"
  sourceId: "98a0943c-f186-4056-b5d6-38dd12c2cadc"
  referenceNo: "806"
  orderId: "93a9c0b6-20a3-4169-ad3f-96dbc219e491"
2023-04-13 * "880 806 () [53b8789a-4451-4a1f-84f7-a9c5da7ada1a]" "Bill Payment for Bill #803 #88a6a5a1-416b-4201-aa6f-831ddf065aaf"
  Liabilities:CurrentLiabilities:AccountPayable 3333.00 HKD
  contact: "880 806 () [53b8789a-4451-4a1f-84f7-a9c5da7ada1a]"
  type: "Bill Payment"
  sourceId: "88a6a5a1-416b-4201-aa6f-831ddf065aaf"
  referenceNo: "803"
  orderId: "b6e8c778-2ed2-49c9-9f1e-ecab89a12a7c"
  Liabilities:CurrentLiabilities:CurrentAccount:C-a-MilrichElectronicsHkCoLtd -3333.00 HKD
  type: "Bill Payment"
  sourceId: "88a6a5a1-416b-4201-aa6f-831ddf065aaf"
  referenceNo: "803"
  orderId: "b6e8c778-2ed2-49c9-9f1e-ecab89a12a7c"
2023-04-13 * "880 806 () [53b8789a-4451-4a1f-84f7-a9c5da7ada1a]" "Bill Payment for Bill #243 #a6617771-f6f7-40b9-886e-349b391f974e"
  Liabilities:CurrentLiabilities:AccountPayable 355.00 HKD
  contact: "880 806 () [53b8789a-4451-4a1f-84f7-a9c5da7ada1a]"
  type: "Bill Payment"
  sourceId: "a6617771-f6f7-40b9-886e-349b391f974e"
  referenceNo: "243"
  orderId: "d704ac9f-623a-46f8-9751-88d19e631ec0"
  Assets:CurrentAssets:Bank:BocSavingBank -355.00 HKD
  type: "Bill Payment"
  sourceId: "a6617771-f6f7-40b9-886e-349b391f974e"
  referenceNo: "243"
  orderId: "d704ac9f-623a-46f8-9751-88d19e631ec0"
2023-04-13 * "880 806 () [53b8789a-4451-4a1f-84f7-a9c5da7ada1a]" "Bill Payment for Bill #222 #63959e7e-9a1b-402f-9081-b83bff0c2da1"
  Liabilities:CurrentLiabilities:AccountPayable 410.00 HKD
  contact: "880 806 () [53b8789a-4451-4a1f-84f7-a9c5da7ada1a]"
  type: "Bill Payment"
  sourceId: "63959e7e-9a1b-402f-9081-b83bff0c2da1"
  referenceNo: "222"
  orderId: "d416e37d-1784-43cd-ba32-97215a555a5b"
  Assets:CurrentAssets:Bank:BocSavingBank -410.00 HKD
  type: "Bill Payment"
  sourceId: "63959e7e-9a1b-402f-9081-b83bff0c2da1"
  referenceNo: "222"
  orderId: "d416e37d-1784-43cd-ba32-97215a555a5b"
2023-04-13 * "Bill #473 MIDJOURNEY INC"
  referenceNo: "473"
  orderId: "3c4a878a-49a4-4993-a94a-d32ee0b47fbe"
  type: "Bill"
  Expenses:GeneralExpense:WebErpDev 240.10 HKD
  qty: "1"
  description: "MIDJOURNEY INC"
  referenceNo: "473"
  orderId: "3c4a878a-49a4-4993-a94a-d32ee0b47fbe"
  type: "Bill Item"
  sourceId: "fb9bd807-a249-4aa0-92b8-f717372746cb"
  Liabilities:CurrentLiabilities:AccountPayable
  referenceNo: "473"
  orderId: "3c4a878a-49a4-4993-a94a-d32ee0b47fbe"
  type: "Bill"
  sourceId: "3c4a878a-49a4-4993-a94a-d32ee0b47fbe"
  contact: "880 806 () [53b8789a-4451-4a1f-84f7-a9c5da7ada1a]"
2023-04-13 * "880 806 () [53b8789a-4451-4a1f-84f7-a9c5da7ada1a]" "Bill Payment for Bill #473 #8a93fa42-9a4f-4c03-a3d3-3a384581f26a"
  Liabilities:CurrentLiabilities:AccountPayable 240.10 HKD
  contact: "880 806 () [53b8789a-4451-4a1f-84f7-a9c5da7ada1a]"
  type: "Bill Payment"
  sourceId: "8a93fa42-9a4f-4c03-a3d3-3a384581f26a"
  referenceNo: "473"
  orderId: "3c4a878a-49a4-4993-a94a-d32ee0b47fbe"
  Assets:CurrentAssets:Bank:BocVisaCard-DavidBank -240.10 HKD
  type: "Bill Payment"
  sourceId: "8a93fa42-9a4f-4c03-a3d3-3a384581f26a"
  referenceNo: "473"
  orderId: "3c4a878a-49a4-4993-a94a-d32ee0b47fbe"
2023-04-13 * "Bill #422 BIZ4X - SUBSCRIPTION"
  referenceNo: "422"
  orderId: "2bb5d3d3-385e-4f8c-a6e8-c74ddd263e4e"
  type: "Bill"
  Expenses:GeneralExpense:Subscriptions 2000.00 USD
  qty: "1"
  description: "BIZ4X - SUBSCRIPTION"
  referenceNo: "422"
  orderId: "2bb5d3d3-385e-4f8c-a6e8-c74ddd263e4e"
  type: "Bill Item"
  sourceId: "e620b1e4-f134-432d-87eb-1a6434d7d0c4"
  Liabilities:CurrentLiabilities:AccountPayable
  referenceNo: "422"
  orderId: "2bb5d3d3-385e-4f8c-a6e8-c74ddd263e4e"
  type: "Bill"
  sourceId: "2bb5d3d3-385e-4f8c-a6e8-c74ddd263e4e"
  contact: "998 12345691 (BIZ4XPTELTDSG) [e3e3ccd9-3885-464a-bd03-d46e3bcb4000]"
2023-04-13 * "998 12345691 (BIZ4XPTELTDSG) [e3e3ccd9-3885-464a-bd03-d46e3bcb4000]" "Bill Payment for Bill #422 #4f3c528b-2ebb-4a72-8df3-a7ec1b13979b"
  Liabilities:CurrentLiabilities:AccountPayable 2000.00 USD
  contact: "998 12345691 (BIZ4XPTELTDSG) [e3e3ccd9-3885-464a-bd03-d46e3bcb4000]"
  type: "Bill Payment"
  sourceId: "4f3c528b-2ebb-4a72-8df3-a7ec1b13979b"
  referenceNo: "422"
  orderId: "2bb5d3d3-385e-4f8c-a6e8-c74ddd263e4e"
  Assets:CurrentAssets:Bank:BocForeignBank -2000.00 USD
  type: "Bill Payment"
  sourceId: "4f3c528b-2ebb-4a72-8df3-a7ec1b13979b"
  referenceNo: "422"
  orderId: "2bb5d3d3-385e-4f8c-a6e8-c74ddd263e4e"
2023-04-17 * "Bill #773 323電費(2023-4月)"
  referenceNo: "773"
  orderId: "4db24a88-7aac-432b-8029-ee17c2dd1086"
  type: "Bill"
  Expenses:GeneralExpense:ElectricityLightHeating 658.00 HKD
  qty: "1"
  description: "323電費(2023-4月)"
  referenceNo: "773"
  orderId: "4db24a88-7aac-432b-8029-ee17c2dd1086"
  type: "Bill Item"
  sourceId: "70dc7a90-5608-48dc-98de-dbf855f35c66"
  Liabilities:CurrentLiabilities:AccountPayable
  referenceNo: "773"
  orderId: "4db24a88-7aac-432b-8029-ee17c2dd1086"
  type: "Bill"
  sourceId: "4db24a88-7aac-432b-8029-ee17c2dd1086"
  contact: "880 806 () [53b8789a-4451-4a1f-84f7-a9c5da7ada1a]"
2023-04-17 * "880 806 () [53b8789a-4451-4a1f-84f7-a9c5da7ada1a]" "Bill Payment for Bill #773 #a5191950-9e52-4f22-9ab3-b03235cd39c0"
  Liabilities:CurrentLiabilities:AccountPayable 658.00 HKD
  contact: "880 806 () [53b8789a-4451-4a1f-84f7-a9c5da7ada1a]"
  type: "Bill Payment"
  sourceId: "a5191950-9e52-4f22-9ab3-b03235cd39c0"
  referenceNo: "773"
  orderId: "4db24a88-7aac-432b-8029-ee17c2dd1086"
  Liabilities:CurrentLiabilities:CurrentAccount:C-a-MilrichElectronicsHkCoLtd -658.00 HKD
  type: "Bill Payment"
  sourceId: "a5191950-9e52-4f22-9ab3-b03235cd39c0"
  referenceNo: "773"
  orderId: "4db24a88-7aac-432b-8029-ee17c2dd1086"
2023-04-18 * "Bill #832 G17 CCTV安裝費"
  referenceNo: "832"
  orderId: "6c4ec43e-2707-49c7-b855-855d348b50d4"
  type: "Bill"
  Expenses:GeneralExpense:TelephoneAndInternetAndAlarm 7200.00 HKD
  qty: "1"
  description: "G17 CCTV安裝費"
  referenceNo: "832"
  orderId: "6c4ec43e-2707-49c7-b855-855d348b50d4"
  type: "Bill Item"
  sourceId: "cdd464a7-e82b-49a1-836a-abf35f834d98"
  Liabilities:CurrentLiabilities:AccountPayable
  referenceNo: "832"
  orderId: "6c4ec43e-2707-49c7-b855-855d348b50d4"
  type: "Bill"
  sourceId: "6c4ec43e-2707-49c7-b855-855d348b50d4"
  contact: "880 806 () [53b8789a-4451-4a1f-84f7-a9c5da7ada1a]"
2023-04-18 * "880 806 () [53b8789a-4451-4a1f-84f7-a9c5da7ada1a]" "Bill Payment for Bill #832 #cb034a38-b36f-481f-9f7d-2803dae45d3a"
  Liabilities:CurrentLiabilities:AccountPayable 7200.00 HKD
  contact: "880 806 () [53b8789a-4451-4a1f-84f7-a9c5da7ada1a]"
  type: "Bill Payment"
  sourceId: "cb034a38-b36f-481f-9f7d-2803dae45d3a"
  referenceNo: "832"
  orderId: "6c4ec43e-2707-49c7-b855-855d348b50d4"
  Liabilities:CurrentLiabilities:CurrentAccount:C-a-MilrichElectronicsHkCoLtd -7200.00 HKD
  type: "Bill Payment"
  sourceId: "cb034a38-b36f-481f-9f7d-2803dae45d3a"
  referenceNo: "832"
  orderId: "6c4ec43e-2707-49c7-b855-855d348b50d4"
2023-04-18 * "Bill #474 PROMISE NETWORK"
  referenceNo: "474"
  orderId: "11723f76-cb40-4370-a054-ed1245155e56"
  type: "Bill"
  Expenses:GeneralExpense:AdvertisingAndBranding 1040.00 HKD
  qty: "1"
  description: "PROMISE NETWORK"
  referenceNo: "474"
  orderId: "11723f76-cb40-4370-a054-ed1245155e56"
  type: "Bill Item"
  sourceId: "c514da35-724a-4c10-bd31-6b09447122c7"
  Liabilities:CurrentLiabilities:AccountPayable
  referenceNo: "474"
  orderId: "11723f76-cb40-4370-a054-ed1245155e56"
  type: "Bill"
  sourceId: "11723f76-cb40-4370-a054-ed1245155e56"
  contact: "880 806 () [53b8789a-4451-4a1f-84f7-a9c5da7ada1a]"
2023-04-18 * "880 806 () [53b8789a-4451-4a1f-84f7-a9c5da7ada1a]" "Bill Payment for Bill #474 #69475a60-8a20-4b98-bbd7-94723abb504d"
  Liabilities:CurrentLiabilities:AccountPayable 1040.00 HKD
  contact: "880 806 () [53b8789a-4451-4a1f-84f7-a9c5da7ada1a]"
  type: "Bill Payment"
  sourceId: "69475a60-8a20-4b98-bbd7-94723abb504d"
  referenceNo: "474"
  orderId: "11723f76-cb40-4370-a054-ed1245155e56"
  Assets:CurrentAssets:Bank:BocVisaCard-DavidBank -1040.00 HKD
  type: "Bill Payment"
  sourceId: "69475a60-8a20-4b98-bbd7-94723abb504d"
  referenceNo: "474"
  orderId: "11723f76-cb40-4370-a054-ed1245155e56"
2023-04-21 * "Bill #555 Token fee"
  referenceNo: "555"
  orderId: "578de5fd-68ba-49c9-8913-83471760b3ff"
  type: "Bill"
  Expenses:GeneralExpense:BankFeesExpense 100.00 HKD
  qty: "1"
  description: "Token fee"
  referenceNo: "555"
  orderId: "578de5fd-68ba-49c9-8913-83471760b3ff"
  type: "Bill Item"
  sourceId: "569d62a1-0d14-4661-b658-601f3d32bb98"
  Liabilities:CurrentLiabilities:AccountPayable
  referenceNo: "555"
  orderId: "578de5fd-68ba-49c9-8913-83471760b3ff"
  type: "Bill"
  sourceId: "578de5fd-68ba-49c9-8913-83471760b3ff"
  contact: "998 12345835 (boc(bankofchina)) [82f385a7-d238-4826-9a12-e06648f93cdb]"
2023-04-21 * "998 12345835 (boc(bankofchina)) [82f385a7-d238-4826-9a12-e06648f93cdb]" "Bill Payment for Bill #555 #d8236380-4fc6-4cdd-b8b1-2bbb8cc16027"
  Liabilities:CurrentLiabilities:AccountPayable 100.00 HKD
  contact: "998 12345835 (boc(bankofchina)) [82f385a7-d238-4826-9a12-e06648f93cdb]"
  type: "Bill Payment"
  sourceId: "d8236380-4fc6-4cdd-b8b1-2bbb8cc16027"
  referenceNo: "555"
  orderId: "578de5fd-68ba-49c9-8913-83471760b3ff"
  Assets:CurrentAssets:Bank:BocSavingBank -100.00 HKD
  type: "Bill Payment"
  sourceId: "d8236380-4fc6-4cdd-b8b1-2bbb8cc16027"
  referenceNo: "555"
  orderId: "578de5fd-68ba-49c9-8913-83471760b3ff"
2023-04-21 * "Bill #318 4月2023 MPF"
  referenceNo: "318"
  orderId: "659402e9-985d-46ad-a0f6-c4bebf91ac33"
  type: "Bill"
  Expenses:GeneralExpense:Mpf 5300.00 HKD
  qty: "1"
  description: "4月2023 MPF"
  referenceNo: "318"
  orderId: "659402e9-985d-46ad-a0f6-c4bebf91ac33"
  type: "Bill Item"
  sourceId: "d236ebc1-7fc5-4e44-8580-ec814c0e8876"
  Liabilities:CurrentLiabilities:AccountPayable
  referenceNo: "318"
  orderId: "659402e9-985d-46ad-a0f6-c4bebf91ac33"
  type: "Bill"
  sourceId: "659402e9-985d-46ad-a0f6-c4bebf91ac33"
  contact: "880 806 () [53b8789a-4451-4a1f-84f7-a9c5da7ada1a]"
2023-04-21 * "880 806 () [53b8789a-4451-4a1f-84f7-a9c5da7ada1a]" "Bill Payment for Bill #318 #c6a1e516-6e7d-4f63-bacb-dbb11e9f9006"
  Liabilities:CurrentLiabilities:AccountPayable 5300.00 HKD
  contact: "880 806 () [53b8789a-4451-4a1f-84f7-a9c5da7ada1a]"
  type: "Bill Payment"
  sourceId: "c6a1e516-6e7d-4f63-bacb-dbb11e9f9006"
  referenceNo: "318"
  orderId: "659402e9-985d-46ad-a0f6-c4bebf91ac33"
  Assets:CurrentAssets:Bank:BocCurrentBank -5300.00 HKD
  type: "Bill Payment"
  sourceId: "c6a1e516-6e7d-4f63-bacb-dbb11e9f9006"
  referenceNo: "318"
  orderId: "659402e9-985d-46ad-a0f6-c4bebf91ac33"
2023-04-24 * "880 806 () [53b8789a-4451-4a1f-84f7-a9c5da7ada1a]" "Bill Payment for Bill #831 #e216715d-1119-47f4-8924-9a33d93c5b9b"
  Liabilities:CurrentLiabilities:AccountPayable 929.00 HKD
  contact: "880 806 () [53b8789a-4451-4a1f-84f7-a9c5da7ada1a]"
  type: "Bill Payment"
  sourceId: "e216715d-1119-47f4-8924-9a33d93c5b9b"
  referenceNo: "831"
  orderId: "ac7d484f-058a-4628-8e1f-217ba32d90e2"
  Liabilities:CurrentLiabilities:CurrentAccount:C-a-MilrichElectronicsHkCoLtd -929.00 HKD
  type: "Bill Payment"
  sourceId: "e216715d-1119-47f4-8924-9a33d93c5b9b"
  referenceNo: "831"
  orderId: "ac7d484f-058a-4628-8e1f-217ba32d90e2"
2023-04-25 * "Bill #168 SALARY 23年4月"
  referenceNo: "168"
  orderId: "da69e1a0-f5bc-4acd-ba56-5dd9201b0009"
  type: "Bill"
  Expenses:GeneralExpense:WagesAndSalaries 12500.00 HKD
  qty: "1"
  description: "CASH BONUS 23年4月"
  referenceNo: "168"
  orderId: "da69e1a0-f5bc-4acd-ba56-5dd9201b0009"
  type: "Bill Item"
  sourceId: "635ba1a1-e334-45e9-ad7f-d617d4ebca6b"
  Expenses:GeneralExpense:WagesAndSalaries 50350.00 HKD
  qty: "1"
  description: "SALARY 23年4月"
  referenceNo: "168"
  orderId: "da69e1a0-f5bc-4acd-ba56-5dd9201b0009"
  type: "Bill Item"
  sourceId: "4e7c3059-bb11-4635-b522-25d2c374c170"
  Liabilities:CurrentLiabilities:AccountPayable
  referenceNo: "168"
  orderId: "da69e1a0-f5bc-4acd-ba56-5dd9201b0009"
  type: "Bill"
  sourceId: "da69e1a0-f5bc-4acd-ba56-5dd9201b0009"
  contact: "880 806 () [53b8789a-4451-4a1f-84f7-a9c5da7ada1a]"
2023-04-28 * "Bill #814 03, 04/23 網頁設計費用 "
  referenceNo: "814"
  orderId: "4cebec7e-21bd-4672-bf16-5bcd48e8f087"
  type: "Bill"
  Liabilities:CurrentLiabilities:AccruedExpenses 19980.00 HKD
  qty: "1"
  description: "DKK 網頁設計03/23費用 - Web Design (Hazel)"
  referenceNo: "814"
  orderId: "4cebec7e-21bd-4672-bf16-5bcd48e8f087"
  type: "Bill Item"
  sourceId: "738bdfa1-18b9-4999-909c-253e6d440d16"
  Expenses:GeneralExpense:WebErpDev 14700.00 HKD
  qty: "1"
  description: "DKK 網頁設計04/23費用 - Web Design (Hazel)"
  referenceNo: "814"
  orderId: "4cebec7e-21bd-4672-bf16-5bcd48e8f087"
  type: "Bill Item"
  sourceId: "95fca8e2-d3cf-4a7f-aa70-eb8fac74f429"
  Liabilities:CurrentLiabilities:AccountPayable
  referenceNo: "814"
  orderId: "4cebec7e-21bd-4672-bf16-5bcd48e8f087"
  type: "Bill"
  sourceId: "4cebec7e-21bd-4672-bf16-5bcd48e8f087"
  contact: "880 806 () [53b8789a-4451-4a1f-84f7-a9c5da7ada1a]"
2023-04-28 * "880 806 () [53b8789a-4451-4a1f-84f7-a9c5da7ada1a]" "Bill Payment for Bill #814 #e4e92fcb-4d60-4156-9452-f70ccf3876a3"
  Liabilities:CurrentLiabilities:AccountPayable 34680.00 HKD
  contact: "880 806 () [53b8789a-4451-4a1f-84f7-a9c5da7ada1a]"
  type: "Bill Payment"
  sourceId: "e4e92fcb-4d60-4156-9452-f70ccf3876a3"
  referenceNo: "814"
  orderId: "4cebec7e-21bd-4672-bf16-5bcd48e8f087"
  Liabilities:CurrentLiabilities:CurrentAccount:C-a-MilrichElectronicsHkCoLtd -34680.00 HKD
  type: "Bill Payment"
  sourceId: "e4e92fcb-4d60-4156-9452-f70ccf3876a3"
  referenceNo: "814"
  orderId: "4cebec7e-21bd-4672-bf16-5bcd48e8f087"
2023-04-28 * "880 806 () [53b8789a-4451-4a1f-84f7-a9c5da7ada1a]" "Bill Payment for Bill #168 #731ab7ee-9477-485d-b905-9f96bffd4bc9"
  Liabilities:CurrentLiabilities:AccountPayable 12500.00 HKD
  contact: "880 806 () [53b8789a-4451-4a1f-84f7-a9c5da7ada1a]"
  type: "Bill Payment"
  sourceId: "731ab7ee-9477-485d-b905-9f96bffd4bc9"
  referenceNo: "168"
  orderId: "da69e1a0-f5bc-4acd-ba56-5dd9201b0009"
  Liabilities:CurrentLiabilities:CurrentAccount:C-a-MilrichElectronicsHkCoLtd -12500.00 HKD
  type: "Bill Payment"
  sourceId: "731ab7ee-9477-485d-b905-9f96bffd4bc9"
  referenceNo: "168"
  orderId: "da69e1a0-f5bc-4acd-ba56-5dd9201b0009"
2023-04-28 * "880 806 () [53b8789a-4451-4a1f-84f7-a9c5da7ada1a]" "Bill Payment for Bill #168 #cd56a60b-2592-4599-b25b-6a15fe3820de"
  Liabilities:CurrentLiabilities:AccountPayable 50350.00 HKD
  contact: "880 806 () [53b8789a-4451-4a1f-84f7-a9c5da7ada1a]"
  type: "Bill Payment"
  sourceId: "cd56a60b-2592-4599-b25b-6a15fe3820de"
  referenceNo: "168"
  orderId: "da69e1a0-f5bc-4acd-ba56-5dd9201b0009"
  Assets:CurrentAssets:Bank:BocSavingBank -50350.00 HKD
  type: "Bill Payment"
  sourceId: "cd56a60b-2592-4599-b25b-6a15fe3820de"
  referenceNo: "168"
  orderId: "da69e1a0-f5bc-4acd-ba56-5dd9201b0009"
2023-04-29 * "Bill #833 DKK 搬夾萬費用"
  referenceNo: "833"
  orderId: "b71062e1-6e7a-44fa-a2cd-de11bcd3f6c4"
  type: "Bill"
  Expenses:GeneralExpense:TransportationAndCourier 4500.00 HKD
  qty: "1"
  description: "DKK 搬夾萬費用"
  referenceNo: "833"
  orderId: "b71062e1-6e7a-44fa-a2cd-de11bcd3f6c4"
  type: "Bill Item"
  sourceId: "63fa53bc-1046-4006-a087-fbd44e81a778"
  Liabilities:CurrentLiabilities:AccountPayable
  referenceNo: "833"
  orderId: "b71062e1-6e7a-44fa-a2cd-de11bcd3f6c4"
  type: "Bill"
  sourceId: "b71062e1-6e7a-44fa-a2cd-de11bcd3f6c4"
  contact: "880 806 () [53b8789a-4451-4a1f-84f7-a9c5da7ada1a]"
2023-04-29 * "Bill #783 323上網(2023-5月)"
  referenceNo: "783"
  orderId: "74a7785b-a168-4ea2-a0ae-e6deac41cb80"
  type: "Bill"
  Expenses:GeneralExpense:TelephoneAndInternetAndAlarm 338.00 HKD
  qty: "1"
  description: "323上網(2023-5月)"
  referenceNo: "783"
  orderId: "74a7785b-a168-4ea2-a0ae-e6deac41cb80"
  type: "Bill Item"
  sourceId: "ab8be436-66fd-4de9-bd55-6b4d042c690d"
  Liabilities:CurrentLiabilities:AccountPayable
  referenceNo: "783"
  orderId: "74a7785b-a168-4ea2-a0ae-e6deac41cb80"
  type: "Bill"
  sourceId: "74a7785b-a168-4ea2-a0ae-e6deac41cb80"
  contact: "880 806 () [53b8789a-4451-4a1f-84f7-a9c5da7ada1a]"
2023-04-29 * "Bill #831 23年4月 雜費"
  referenceNo: "831"
  orderId: "ac7d484f-058a-4628-8e1f-217ba32d90e2"
  type: "Bill"
  Expenses:GeneralExpense:GeneralExpensesDirect 47.00 HKD
  qty: "1"
  description: "G17物資"
  referenceNo: "831"
  orderId: "ac7d484f-058a-4628-8e1f-217ba32d90e2"
  type: "Bill Item"
  sourceId: "36214294-1176-40e3-affa-209fe6ddb8ba"
  Expenses:GeneralExpense:OfficeExpenses 197.00 HKD
  qty: "1"
  description: "323 文件費"
  referenceNo: "831"
  orderId: "ac7d484f-058a-4628-8e1f-217ba32d90e2"
  type: "Bill Item"
  sourceId: "78bcf877-234d-4f2f-8841-fae33b1c09b8"
  Expenses:GeneralExpense:OfficeExpenses 40.00 HKD
  qty: "1"
  description: "膠紙"
  referenceNo: "831"
  orderId: "ac7d484f-058a-4628-8e1f-217ba32d90e2"
  type: "Bill Item"
  sourceId: "7d896cf3-c962-4a6b-93f6-8001d8a1c159"
  Expenses:GeneralExpense:GeneralExpensesDirect 63.00 HKD
  qty: "1"
  description: "G17清潔用品"
  referenceNo: "831"
  orderId: "ac7d484f-058a-4628-8e1f-217ba32d90e2"
  type: "Bill Item"
  sourceId: "11e5f078-a409-4627-a35c-fc3859ada554"
  Expenses:GeneralExpense:GeneralExpensesDirect 96.00 HKD
  qty: "1"
  description: "G17清潔用品"
  referenceNo: "831"
  orderId: "ac7d484f-058a-4628-8e1f-217ba32d90e2"
  type: "Bill Item"
  sourceId: "ae4d6435-607f-4d45-b058-914312695d9c"
  Expenses:GeneralExpense:GeneralExpensesDirect 486.00 HKD
  qty: "1"
  description: "G17清潔用品"
  referenceNo: "831"
  orderId: "ac7d484f-058a-4628-8e1f-217ba32d90e2"
  type: "Bill Item"
  sourceId: "3a1e2bb1-e736-4124-9b08-54ab41c456bc"
  Liabilities:CurrentLiabilities:AccountPayable
  referenceNo: "831"
  orderId: "ac7d484f-058a-4628-8e1f-217ba32d90e2"
  type: "Bill"
  sourceId: "ac7d484f-058a-4628-8e1f-217ba32d90e2"
  contact: "880 806 () [53b8789a-4451-4a1f-84f7-a9c5da7ada1a]"
2023-04-29 * "880 806 () [53b8789a-4451-4a1f-84f7-a9c5da7ada1a]" "Bill Payment for Bill #783 #69cdf45a-e8c9-4bfb-993f-892eb2294c4b"
  Liabilities:CurrentLiabilities:AccountPayable 338.00 HKD
  contact: "880 806 () [53b8789a-4451-4a1f-84f7-a9c5da7ada1a]"
  type: "Bill Payment"
  sourceId: "69cdf45a-e8c9-4bfb-993f-892eb2294c4b"
  referenceNo: "783"
  orderId: "74a7785b-a168-4ea2-a0ae-e6deac41cb80"
  Liabilities:CurrentLiabilities:CurrentAccount:C-a-MilrichElectronicsHkCoLtd -338.00 HKD
  type: "Bill Payment"
  sourceId: "69cdf45a-e8c9-4bfb-993f-892eb2294c4b"
  referenceNo: "783"
  orderId: "74a7785b-a168-4ea2-a0ae-e6deac41cb80"
2023-04-29 * "880 806 () [53b8789a-4451-4a1f-84f7-a9c5da7ada1a]" "Bill Payment for Bill #833 #2f1e55f0-06f1-4aa5-854a-949cede8f153"
  Liabilities:CurrentLiabilities:AccountPayable 4500.00 HKD
  contact: "880 806 () [53b8789a-4451-4a1f-84f7-a9c5da7ada1a]"
  type: "Bill Payment"
  sourceId: "2f1e55f0-06f1-4aa5-854a-949cede8f153"
  referenceNo: "833"
  orderId: "b71062e1-6e7a-44fa-a2cd-de11bcd3f6c4"
  Liabilities:CurrentLiabilities:CurrentAccount:C-a-MilrichElectronicsHkCoLtd -4500.00 HKD
  type: "Bill Payment"
  sourceId: "2f1e55f0-06f1-4aa5-854a-949cede8f153"
  referenceNo: "833"
  orderId: "b71062e1-6e7a-44fa-a2cd-de11bcd3f6c4"
2023-04-30 * "Invoice #145 INTEREST"
  Income:OtherIncome:Interest-bank -8.19 HKD
  description: "INTEREST"
  qty: 1
  referenceNo: "145"
  orderId: "6ce85cd1-8bcf-4dc7-8b22-9482c681d80a"
  type: "Invoice Item"
  sourceId: "65fe9076-4e1d-44ce-a4df-939634664dcd"
  Assets:CurrentAssets:AccountReceivable
  referenceNo: "145"
  orderId: "6ce85cd1-8bcf-4dc7-8b22-9482c681d80a"
  type: "Invoice"
  sourceId: "6ce85cd1-8bcf-4dc7-8b22-9482c681d80a"
  contact: "998 12345835 (boc(bankofchina)) [82f385a7-d238-4826-9a12-e06648f93cdb]"
2023-04-30 * "Bill #1102 DKK 04/23 膳食費"
  referenceNo: "1102"
  orderId: "fa49f14f-5ab7-40b7-9c85-16ba103ad972"
  type: "Bill"
  Expenses:GeneralExpense:OfficeExpenses 920.00 HKD
  qty: "1"
  description: "DKK 04/23 膳食費"
  referenceNo: "1102"
  orderId: "fa49f14f-5ab7-40b7-9c85-16ba103ad972"
  type: "Bill Item"
  sourceId: "26ef9dc6-65e9-4cbe-95df-c70922eb558e"
  Liabilities:CurrentLiabilities:AccountPayable
  referenceNo: "1102"
  orderId: "fa49f14f-5ab7-40b7-9c85-16ba103ad972"
  type: "Bill"
  sourceId: "fa49f14f-5ab7-40b7-9c85-16ba103ad972"
  contact: "880 806 () [53b8789a-4451-4a1f-84f7-a9c5da7ada1a]"
2023-04-30 * "Assets:CurrentAssets:Bank:BocSavingBank" "Invoice Payment for Invoice #145 #d98afc3c-725e-43fb-8ab9-3229b2ddf8aa"
  Assets:CurrentAssets:Bank:BocSavingBank 8.19 HKD
  type: "Invoice Payment"
  sourceId: "d98afc3c-725e-43fb-8ab9-3229b2ddf8aa"
  referenceNo: "145"
  orderId: "6ce85cd1-8bcf-4dc7-8b22-9482c681d80a"
  Assets:CurrentAssets:AccountReceivable -8.19 HKD
  type: "Invoice Payment"
  sourceId: "d98afc3c-725e-43fb-8ab9-3229b2ddf8aa"
  referenceNo: "145"
  orderId: "6ce85cd1-8bcf-4dc7-8b22-9482c681d80a"
  contact: "998 12345835 (boc(bankofchina)) [82f385a7-d238-4826-9a12-e06648f93cdb]"
2023-04-30 * "880 806 () [53b8789a-4451-4a1f-84f7-a9c5da7ada1a]" "Bill Payment for Bill #1102 #57a62cd0-d5bd-4d7e-8adf-2d57e6a9ce3b"
  Liabilities:CurrentLiabilities:AccountPayable 920.00 HKD
  contact: "880 806 () [53b8789a-4451-4a1f-84f7-a9c5da7ada1a]"
  type: "Bill Payment"
  sourceId: "57a62cd0-d5bd-4d7e-8adf-2d57e6a9ce3b"
  referenceNo: "1102"
  orderId: "fa49f14f-5ab7-40b7-9c85-16ba103ad972"
  Liabilities:CurrentLiabilities:CurrentAccount:C-a-MilrichElectronicsHkCoLtd -920.00 HKD
  type: "Bill Payment"
  sourceId: "57a62cd0-d5bd-4d7e-8adf-2d57e6a9ce3b"
  referenceNo: "1102"
  orderId: "fa49f14f-5ab7-40b7-9c85-16ba103ad972"
2023-04-30 * "Invoice #12 INTEREST"
  Income:OtherIncome:Interest-bank -0.56 USD
  description: "INTEREST"
  qty: 1
  referenceNo: "12"
  orderId: "54197368-f7ae-48af-a64c-77ed397106c2"
  type: "Invoice Item"
  sourceId: "1ee5c99d-c3f8-4150-90de-55a1e8d85211"
  Assets:CurrentAssets:AccountReceivable
  referenceNo: "12"
  orderId: "54197368-f7ae-48af-a64c-77ed397106c2"
  type: "Invoice"
  sourceId: "54197368-f7ae-48af-a64c-77ed397106c2"
  contact: "998 12345835 (boc(bankofchina)) [82f385a7-d238-4826-9a12-e06648f93cdb]"
2023-04-30 * "Assets:CurrentAssets:Bank:BocForeignBank" "Invoice Payment for Invoice #12 #a240f8e1-1bee-4941-b009-3c3985b739b5"
  Assets:CurrentAssets:Bank:BocForeignBank 0.56 USD
  type: "Invoice Payment"
  sourceId: "a240f8e1-1bee-4941-b009-3c3985b739b5"
  referenceNo: "12"
  orderId: "54197368-f7ae-48af-a64c-77ed397106c2"
  Assets:CurrentAssets:AccountReceivable -0.56 USD
  type: "Invoice Payment"
  sourceId: "a240f8e1-1bee-4941-b009-3c3985b739b5"
  referenceNo: "12"
  orderId: "54197368-f7ae-48af-a64c-77ed397106c2"
  contact: "998 12345835 (boc(bankofchina)) [82f385a7-d238-4826-9a12-e06648f93cdb]"