; ORDER transactions for 2023-01

2023-01-03 * "Bill #375 323 1月2023 租金"
  referenceNo: "375"
  orderId: "8f8490b9-608d-4ffd-ac4c-939cb0820b7d"
  type: "Bill"
  Expenses:Rent 17000 HKD
  qty: "1"
  description: "323 1月2023 租金"
  referenceNo: "375"
  orderId: "8f8490b9-608d-4ffd-ac4c-939cb0820b7d"
  type: "Bill Item"
  sourceId: "ceed6f95-3dde-4004-9c04-f194c97265d9"
  Liabilities:CurrentLiabilities:AccountPayable
  referenceNo: "375"
  orderId: "8f8490b9-608d-4ffd-ac4c-939cb0820b7d"
  type: "Bill"
  sourceId: "8f8490b9-608d-4ffd-ac4c-939cb0820b7d"
  contact: "880 806 () [53b8789a-4451-4a1f-84f7-a9c5da7ada1a]"
2023-01-03 * "880 806 () [53b8789a-4451-4a1f-84f7-a9c5da7ada1a]" "Bill Payment for Bill #375 #6cbb8a59-bc65-4c10-875d-1cd21265af63"
  contact: "880 806 () [53b8789a-4451-4a1f-84f7-a9c5da7ada1a]"
  Liabilities:CurrentLiabilities:AccountPayable 17000 HKD
  type: "Bill Payment"
  sourceId: "6cbb8a59-bc65-4c10-875d-1cd21265af63"
  referenceNo: "375"
  orderId: "8f8490b9-608d-4ffd-ac4c-939cb0820b7d"
  Assets:CurrentAssets:Bank:BocCurrentBank -17000 HKD
  type: "Bill Payment"
  sourceId: "6cbb8a59-bc65-4c10-875d-1cd21265af63"
  referenceNo: "375"
  orderId: "8f8490b9-608d-4ffd-ac4c-939cb0820b7d"
2023-01-04 * "Invoice #98 INV-0165 MR LAW"
  Income:Sales:SalesItem:Sell18kJewelry -2600 HKD
  category: "Jewelry"
  sku: "DDFFFFFF0600000000000040"
  qty: 1
  referenceNo: "98"
  orderId: "9c6e87cf-e905-4e6a-96ad-e774f0c9f105"
  type: "Invoice Item"
  sourceId: "b96bcb8f-e280-485e-bfbc-f8eb742d2f17"
  Income:Sales:SalesItem:SellBespokeorotherFee -3100 HKD
  category: "Natural Diamond"
  sku: "DDFFFFFF0800006441248024"
  qty: 1
  referenceNo: "98"
  orderId: "9c6e87cf-e905-4e6a-96ad-e774f0c9f105"
  type: "Invoice Item"
  sourceId: "aa546801-d697-4fb5-9ce6-41d746dfec57"
  Income:Sales:SalesItem:SellBespokeorotherFee -3100 HKD
  category: "Natural Diamond"
  sku: "DDFFFFFF0800006422870392"
  qty: 1
  referenceNo: "98"
  orderId: "9c6e87cf-e905-4e6a-96ad-e774f0c9f105"
  type: "Invoice Item"
  sourceId: "373fb12f-2291-41f6-b885-4cfd53c630a4"
  Assets:CurrentAssets:AccountReceivable
  referenceNo: "98"
  orderId: "9c6e87cf-e905-4e6a-96ad-e774f0c9f105"
  type: "Invoice"
  sourceId: "9c6e87cf-e905-4e6a-96ad-e774f0c9f105"
  contact: "852 69003855 (MR. LAW ROY) [1431d21e-93de-4440-bcef-f0c63afe43ff]"
2023-01-04 * "Assets:CurrentAssets:Cash:CashInHand" "Invoice Payment for Invoice #98 #1cb37d7b-1425-45ba-b482-161400458430"
  Assets:CurrentAssets:Cash:CashInHand 8800 HKD
  type: "Invoice Payment"
  sourceId: "1cb37d7b-1425-45ba-b482-161400458430"
  referenceNo: "98"
  orderId: "9c6e87cf-e905-4e6a-96ad-e774f0c9f105"
  Assets:CurrentAssets:AccountReceivable -8800 HKD
  type: "Invoice Payment"
  sourceId: "1cb37d7b-1425-45ba-b482-161400458430"
  referenceNo: "98"
  orderId: "9c6e87cf-e905-4e6a-96ad-e774f0c9f105"
  contact: "852 69003855 (MR. LAW ROY) [1431d21e-93de-4440-bcef-f0c63afe43ff]"
2023-01-05 * "Invoice #120 INV-0166 MR. PAU"
  Income:Sales:Discount --1500 HKD
  description: "STAFF DISCOUNT"
  qty: 1
  referenceNo: "120"
  orderId: "337a8d91-84b6-410a-916d-a2e4f248df2e"
  type: "Invoice Item"
  sourceId: "82158800-31c5-451f-b7da-991fbbff3715"
  Income:Sales:SalesItem:SellDiamond -33800 HKD
  category: "Natural Diamond"
  sku: "DDFFFFFF0800005221537861"
  qty: 1
  referenceNo: "120"
  orderId: "337a8d91-84b6-410a-916d-a2e4f248df2e"
  type: "Invoice Item"
  sourceId: "35959bc1-04f8-4946-a6e2-5411b5592e57"
  Income:Sales:SalesItem:Sell18kJewelry -2500 HKD
  category: "Ring Setting"
  sku: "DDFFFFFF0B00000000000159"
  qty: 1
  referenceNo: "120"
  orderId: "337a8d91-84b6-410a-916d-a2e4f248df2e"
  type: "Invoice Item"
  sourceId: "a92387a5-adea-4ce9-9cb5-41ac7fe41b5a"
  Assets:CurrentAssets:AccountReceivable
  referenceNo: "120"
  orderId: "337a8d91-84b6-410a-916d-a2e4f248df2e"
  type: "Invoice"
  sourceId: "337a8d91-84b6-410a-916d-a2e4f248df2e"
  contact: "852 64374474 (MR. PAU) [afed29a3-78c1-4e7f-832c-55bb12b83e45]"
2023-01-05 * "Invoice #117 INV-0167 MR. KWONG"
  Income:Sales:Discount --1500 HKD
  description: "STAFF DISCOUNT"
  qty: 1
  referenceNo: "117"
  orderId: "ab36ba01-31b7-4af7-b2be-70f960f49373"
  type: "Invoice Item"
  sourceId: "1f3ba502-55e3-4e98-9869-9b9a893eb605"
  Income:Sales:SalesItem:SellDiamond -32800 HKD
  category: "Natural Diamond"
  sku: "DDFFFFFF0800006421551327"
  qty: 1
  referenceNo: "117"
  orderId: "ab36ba01-31b7-4af7-b2be-70f960f49373"
  type: "Invoice Item"
  sourceId: "2dd85862-70e2-493f-a8c4-7dc04d6941d5"
  Income:Sales:SalesItem:Sell18kJewelry -2500 HKD
  category: "Ring Setting"
  sku: "DDFFFFFF0B00000000000158"
  qty: 1
  referenceNo: "117"
  orderId: "ab36ba01-31b7-4af7-b2be-70f960f49373"
  type: "Invoice Item"
  sourceId: "b00333c4-bd99-4b27-9baa-e247eb42a937"
  Assets:CurrentAssets:AccountReceivable
  referenceNo: "117"
  orderId: "ab36ba01-31b7-4af7-b2be-70f960f49373"
  type: "Invoice"
  sourceId: "ab36ba01-31b7-4af7-b2be-70f960f49373"
  contact: "852 67457650 (MR. KWONG) [279abd56-0fbf-4194-9d4d-a2b61a9f57fb]"
2023-01-05 * "Bill #312 #0165 GIA PURCHASE, NO.231-057"
  referenceNo: "312"
  orderId: "7f1d7c63-bf69-47ff-ae9a-e4084d547882"
  type: "Bill"
  Expenses:CostOfSales:Purchase:PurchaseItem:BuyBespoke 2897.57 HKD
  category: "Natural Diamond"
  sku: "DDFFFFFF0800006422870392"
  qty: 1
  referenceNo: "312"
  orderId: "7f1d7c63-bf69-47ff-ae9a-e4084d547882"
  type: "Bill Item"
  sourceId: "f4891aa4-8ecc-4d32-84e5-f1c14d6e55f9"
  Expenses:CostOfSales:Purchase:PurchaseItem:BuyBespoke 2897.58 HKD
  category: "Natural Diamond"
  sku: "DDFFFFFF0800006441248024"
  qty: 1
  referenceNo: "312"
  orderId: "7f1d7c63-bf69-47ff-ae9a-e4084d547882"
  type: "Bill Item"
  sourceId: "03dc9301-3e4b-454b-81ef-4806c12fc0db"
  Liabilities:CurrentLiabilities:AccountPayable
  referenceNo: "312"
  orderId: "7f1d7c63-bf69-47ff-ae9a-e4084d547882"
  type: "Bill"
  sourceId: "7f1d7c63-bf69-47ff-ae9a-e4084d547882"
  contact: "998 12345807 (FOOK DIAM LTD) [0d22054e-9e17-4410-8829-d43d904a4393]"
2023-01-05 * "Bill #418 #0166 GIA PURCHASE, NO.22233581"
  referenceNo: "418"
  orderId: "9c173564-20f2-4d5b-82fd-dd9901f34719"
  type: "Bill"
  Expenses:CostOfSales:Purchase:PurchaseItem:BuyDiamond 22380.06 HKD
  category: "Natural Diamond"
  sku: "DDFFFFFF0800005221537861"
  qty: 1
  referenceNo: "418"
  orderId: "9c173564-20f2-4d5b-82fd-dd9901f34719"
  type: "Bill Item"
  sourceId: "f41ffe1e-56cb-4e1f-82eb-62b5b1fba217"
  Liabilities:CurrentLiabilities:AccountPayable
  referenceNo: "418"
  orderId: "9c173564-20f2-4d5b-82fd-dd9901f34719"
  type: "Bill"
  sourceId: "9c173564-20f2-4d5b-82fd-dd9901f34719"
  contact: "998 12345762 (STAR RAYS DIAMOND HK LTD.) [541705df-67e8-4341-a8fc-b7225224b6a4]"
2023-01-05 * "Bill #634 SI-10348, #167"
  referenceNo: "634"
  orderId: "3516fecb-df96-4693-85a8-3deb51ac862c"
  type: "Bill"
  Expenses:CostOfSales:Purchase:PurchaseItem:Buy18kJewelry 2281 HKD
  category: "Ring Setting"
  sku: "DDFFFFFF0B00000000000158"
  qty: 1
  referenceNo: "634"
  orderId: "3516fecb-df96-4693-85a8-3deb51ac862c"
  type: "Bill Item"
  sourceId: "ac56a460-09f4-4e17-8bc0-ede64134ba44"
  Liabilities:CurrentLiabilities:AccountPayable
  referenceNo: "634"
  orderId: "3516fecb-df96-4693-85a8-3deb51ac862c"
  type: "Bill"
  sourceId: "3516fecb-df96-4693-85a8-3deb51ac862c"
  contact: "998 12345767 (SkyHigh Holdings Group Ltd) [efdca012-5d6e-4361-8ec7-f5566615d58a]"
2023-01-05 * "Bill #382 kpay058"
  referenceNo: "382"
  orderId: "94fff578-51a0-4e61-a7ab-acbdccb9320b"
  type: "Bill"
  Expenses:CardFeeExpense 515.5 HKD
  qty: "1"
  description: "KPAY FEE"
  referenceNo: "382"
  orderId: "94fff578-51a0-4e61-a7ab-acbdccb9320b"
  type: "Bill Item"
  sourceId: "ac439c3c-caab-4abb-903f-3e1f479e5adc"
  Liabilities:CurrentLiabilities:AccountPayable
  referenceNo: "382"
  orderId: "94fff578-51a0-4e61-a7ab-acbdccb9320b"
  type: "Bill"
  sourceId: "94fff578-51a0-4e61-a7ab-acbdccb9320b"
  contact: "998 12345821 (KPAY) [5a706f32-7edc-48d8-ae47-62fee1e8bba1]"
2023-01-05 * "Bill #319 SI-10348, #166"
  referenceNo: "319"
  orderId: "b0b1f67e-da6f-41ca-9183-5725cd159fd5"
  type: "Bill"
  Expenses:CostOfSales:Purchase:PurchaseItem:Buy18kJewelry 2225 HKD
  category: "Ring Setting"
  sku: "DDFFFFFF0B00000000000159"
  qty: 1
  referenceNo: "319"
  orderId: "b0b1f67e-da6f-41ca-9183-5725cd159fd5"
  type: "Bill Item"
  sourceId: "3e40dcd8-283c-417f-82af-e9b997a4f05f"
  Liabilities:CurrentLiabilities:AccountPayable
  referenceNo: "319"
  orderId: "b0b1f67e-da6f-41ca-9183-5725cd159fd5"
  type: "Bill"
  sourceId: "b0b1f67e-da6f-41ca-9183-5725cd159fd5"
  contact: "998 12345767 (SkyHigh Holdings Group Ltd) [efdca012-5d6e-4361-8ec7-f5566615d58a]"
2023-01-05 * "Assets:CurrentAssets:Bank:KpayBank" "Invoice Payment for Invoice #117 #a0832cde-26db-4cfa-9d9d-ab65713d3b31"
  Assets:CurrentAssets:Bank:KpayBank 16900 HKD
  type: "Invoice Payment"
  sourceId: "a0832cde-26db-4cfa-9d9d-ab65713d3b31"
  referenceNo: "117"
  orderId: "ab36ba01-31b7-4af7-b2be-70f960f49373"
  Assets:CurrentAssets:AccountReceivable -16900 HKD
  type: "Invoice Payment"
  sourceId: "a0832cde-26db-4cfa-9d9d-ab65713d3b31"
  referenceNo: "117"
  orderId: "ab36ba01-31b7-4af7-b2be-70f960f49373"
  contact: "852 67457650 (MR. KWONG) [279abd56-0fbf-4194-9d4d-a2b61a9f57fb]"
2023-01-05 * "Assets:CurrentAssets:Bank:KpayBank" "Invoice Payment for Invoice #120 #7e5c5d5b-6042-431c-a735-c86f88cdfb24"
  Assets:CurrentAssets:Bank:KpayBank 17400 HKD
  type: "Invoice Payment"
  sourceId: "7e5c5d5b-6042-431c-a735-c86f88cdfb24"
  referenceNo: "120"
  orderId: "337a8d91-84b6-410a-916d-a2e4f248df2e"
  Assets:CurrentAssets:AccountReceivable -17400 HKD
  type: "Invoice Payment"
  sourceId: "7e5c5d5b-6042-431c-a735-c86f88cdfb24"
  referenceNo: "120"
  orderId: "337a8d91-84b6-410a-916d-a2e4f248df2e"
  contact: "852 64374474 (MR. PAU) [afed29a3-78c1-4e7f-832c-55bb12b83e45]"
2023-01-05 * "998 12345821 (KPAY) [5a706f32-7edc-48d8-ae47-62fee1e8bba1]" "Bill Payment for Bill #382 #ae2b3eaa-48cf-47e6-9b2e-e0306b9c3b64"
  contact: "998 12345821 (KPAY) [5a706f32-7edc-48d8-ae47-62fee1e8bba1]"
  Liabilities:CurrentLiabilities:AccountPayable 515.5 HKD
  type: "Bill Payment"
  sourceId: "ae2b3eaa-48cf-47e6-9b2e-e0306b9c3b64"
  referenceNo: "382"
  orderId: "94fff578-51a0-4e61-a7ab-acbdccb9320b"
  Assets:CurrentAssets:Bank:KpayBank -515.5 HKD
  type: "Bill Payment"
  sourceId: "ae2b3eaa-48cf-47e6-9b2e-e0306b9c3b64"
  referenceNo: "382"
  orderId: "94fff578-51a0-4e61-a7ab-acbdccb9320b"
2023-01-09 * "Bill #791 323 23年1-4月電話費 "
  referenceNo: "791"
  orderId: "7ae51d93-a759-4dc6-b61e-99fb816bed82"
  type: "Bill"
  Expenses:TelephoneAndInternetAndAlarm 326 HKD
  qty: "1"
  description: "323 23年1-4月電話費 "
  referenceNo: "791"
  orderId: "7ae51d93-a759-4dc6-b61e-99fb816bed82"
  type: "Bill Item"
  sourceId: "230d7435-a42e-4e74-94da-fcef06c64cf0"
  Liabilities:CurrentLiabilities:AccountPayable
  referenceNo: "791"
  orderId: "7ae51d93-a759-4dc6-b61e-99fb816bed82"
  type: "Bill"
  sourceId: "7ae51d93-a759-4dc6-b61e-99fb816bed82"
  contact: "880 806 () [53b8789a-4451-4a1f-84f7-a9c5da7ada1a]"
2023-01-09 * "880 806 () [53b8789a-4451-4a1f-84f7-a9c5da7ada1a]" "Bill Payment for Bill #791 #3f651e9f-a04a-489d-a7a7-41e144ae79c7"
  contact: "880 806 () [53b8789a-4451-4a1f-84f7-a9c5da7ada1a]"
  Liabilities:CurrentLiabilities:AccountPayable 326 HKD
  type: "Bill Payment"
  sourceId: "3f651e9f-a04a-489d-a7a7-41e144ae79c7"
  referenceNo: "791"
  orderId: "7ae51d93-a759-4dc6-b61e-99fb816bed82"
  Liabilities:CurrentLiabilities:CurrentAccount:C-a-MilrichElectronicsHkCoLtd -326 HKD
  type: "Bill Payment"
  sourceId: "3f651e9f-a04a-489d-a7a7-41e144ae79c7"
  referenceNo: "791"
  orderId: "7ae51d93-a759-4dc6-b61e-99fb816bed82"
2023-01-10 * "Bill #320 SI-10338, #162 #165"
  referenceNo: "320"
  orderId: "b034f5c7-7ac3-446d-a0df-db59d27006a8"
  type: "Bill"
  Expenses:CostOfSales:Purchase:PurchaseItem:Buy18kJewelry 1931 HKD
  category: "Ring Setting"
  sku: "DDFFFFFF0B00000000000157"
  qty: 1
  referenceNo: "320"
  orderId: "b034f5c7-7ac3-446d-a0df-db59d27006a8"
  type: "Bill Item"
  sourceId: "1cebaf09-be9a-4a0d-a6f4-6b5c1fd66709"
  Expenses:CostOfSales:Purchase:PurchaseItem:Buy18kJewelry 1300 HKD
  category: "Jewelry"
  sku: "DDFFFFFF0600000000000040"
  qty: 1
  referenceNo: "320"
  orderId: "b034f5c7-7ac3-446d-a0df-db59d27006a8"
  type: "Bill Item"
  sourceId: "f84a93b4-efdd-49ea-a80d-9ab8c76ac572"
  Liabilities:CurrentLiabilities:AccountPayable
  referenceNo: "320"
  orderId: "b034f5c7-7ac3-446d-a0df-db59d27006a8"
  type: "Bill"
  sourceId: "b034f5c7-7ac3-446d-a0df-db59d27006a8"
  contact: "998 12345767 (SkyHigh Holdings Group Ltd) [efdca012-5d6e-4361-8ec7-f5566615d58a]"
2023-01-12 * "Bill #195 EPS 22年12月手續費"
  referenceNo: "195"
  orderId: "e445a559-b754-4694-a643-a8acdac30d0c"
  type: "Bill"
  Expenses:BankFeesExpense 410 HKD
  qty: "1"
  description: "EPS 22年12月手續費"
  referenceNo: "195"
  orderId: "e445a559-b754-4694-a643-a8acdac30d0c"
  type: "Bill Item"
  sourceId: "2379697f-4987-446f-902b-e2e1bfb66418"
  Liabilities:CurrentLiabilities:AccountPayable
  referenceNo: "195"
  orderId: "e445a559-b754-4694-a643-a8acdac30d0c"
  type: "Bill"
  sourceId: "e445a559-b754-4694-a643-a8acdac30d0c"
  contact: "880 806 () [53b8789a-4451-4a1f-84f7-a9c5da7ada1a]"
2023-01-12 * "880 806 () [53b8789a-4451-4a1f-84f7-a9c5da7ada1a]" "Bill Payment for Bill #195 #b07d4c92-f4a8-4644-a318-848b89a075c4"
  contact: "880 806 () [53b8789a-4451-4a1f-84f7-a9c5da7ada1a]"
  Liabilities:CurrentLiabilities:AccountPayable 410 HKD
  type: "Bill Payment"
  sourceId: "b07d4c92-f4a8-4644-a318-848b89a075c4"
  referenceNo: "195"
  orderId: "e445a559-b754-4694-a643-a8acdac30d0c"
  Assets:CurrentAssets:Bank:BocSavingBank -410 HKD
  type: "Bill Payment"
  sourceId: "b07d4c92-f4a8-4644-a318-848b89a075c4"
  referenceNo: "195"
  orderId: "e445a559-b754-4694-a643-a8acdac30d0c"
2023-01-13 * "Assets:CurrentAssets:Cash:CashInHand" "Invoice Payment for Invoice #61 #dab8caef-2862-41dc-82fb-8150e1313191"
  Assets:CurrentAssets:Cash:CashInHand 100000 HKD
  type: "Invoice Payment"
  sourceId: "dab8caef-2862-41dc-82fb-8150e1313191"
  referenceNo: "61"
  orderId: "abd389d6-4bea-4dda-b577-112a41269300"
  Assets:CurrentAssets:AccountReceivable -100000 HKD
  type: "Invoice Payment"
  sourceId: "dab8caef-2862-41dc-82fb-8150e1313191"
  referenceNo: "61"
  orderId: "abd389d6-4bea-4dda-b577-112a41269300"
  contact: "852 63338500 (MR. ASIM) [5935c53a-70ee-455f-a1f1-294d48954eb9]"
2023-01-13 * "Bill #450 FACEBK *UX82VL32N2"
  referenceNo: "450"
  orderId: "cd26f29e-6b1b-492d-ac2d-fa7e6d4d5090"
  type: "Bill"
  Expenses:AdvertisingAndBranding 7500 HKD
  qty: "1"
  description: "FACEBK *UX82VL32N2"
  referenceNo: "450"
  orderId: "cd26f29e-6b1b-492d-ac2d-fa7e6d4d5090"
  type: "Bill Item"
  sourceId: "f0c6da93-2ae9-4b02-8114-ffc09f6f8653"
  Liabilities:CurrentLiabilities:AccountPayable
  referenceNo: "450"
  orderId: "cd26f29e-6b1b-492d-ac2d-fa7e6d4d5090"
  type: "Bill"
  sourceId: "cd26f29e-6b1b-492d-ac2d-fa7e6d4d5090"
  contact: "880 806 () [53b8789a-4451-4a1f-84f7-a9c5da7ada1a]"
2023-01-13 * "Bill #448 OVERSEA TRANSACTION FEE"
  referenceNo: "448"
  orderId: "1b383022-8285-4ace-9105-ddf915a3889d"
  type: "Bill"
  Expenses:BankFeesExpense 60 HKD
  qty: "1"
  description: "OVERSEA TRANSACTION FEE"
  referenceNo: "448"
  orderId: "1b383022-8285-4ace-9105-ddf915a3889d"
  type: "Bill Item"
  sourceId: "dfcd0911-4ae5-46fe-9f90-4113881bdbae"
  Liabilities:CurrentLiabilities:AccountPayable
  referenceNo: "448"
  orderId: "1b383022-8285-4ace-9105-ddf915a3889d"
  type: "Bill"
  sourceId: "1b383022-8285-4ace-9105-ddf915a3889d"
  contact: "998 12345835 (boc(bank of china)) [82f385a7-d238-4826-9a12-e06648f93cdb]"
2023-01-13 * "998 12345835 (boc(bank of china)) [82f385a7-d238-4826-9a12-e06648f93cdb]" "Bill Payment for Bill #448 #c4fa7e9d-ddcf-4187-bd7d-48544117c9df"
  contact: "998 12345835 (boc(bank of china)) [82f385a7-d238-4826-9a12-e06648f93cdb]"
  Liabilities:CurrentLiabilities:AccountPayable 60 HKD
  type: "Bill Payment"
  sourceId: "c4fa7e9d-ddcf-4187-bd7d-48544117c9df"
  referenceNo: "448"
  orderId: "1b383022-8285-4ace-9105-ddf915a3889d"
  Assets:CurrentAssets:Bank:BocVisaCard-DavidBank -60 HKD
  type: "Bill Payment"
  sourceId: "c4fa7e9d-ddcf-4187-bd7d-48544117c9df"
  referenceNo: "448"
  orderId: "1b383022-8285-4ace-9105-ddf915a3889d"
2023-01-13 * "880 806 () [53b8789a-4451-4a1f-84f7-a9c5da7ada1a]" "Bill Payment for Bill #450 #5e84f602-7391-48cc-bea8-f26bf4930cb2"
  contact: "880 806 () [53b8789a-4451-4a1f-84f7-a9c5da7ada1a]"
  Liabilities:CurrentLiabilities:AccountPayable 7500 HKD
  type: "Bill Payment"
  sourceId: "5e84f602-7391-48cc-bea8-f26bf4930cb2"
  referenceNo: "450"
  orderId: "cd26f29e-6b1b-492d-ac2d-fa7e6d4d5090"
  Assets:CurrentAssets:Bank:BocVisaCard-DavidBank -7500 HKD
  type: "Bill Payment"
  sourceId: "5e84f602-7391-48cc-bea8-f26bf4930cb2"
  referenceNo: "450"
  orderId: "cd26f29e-6b1b-492d-ac2d-fa7e6d4d5090"
2023-01-14 * "Invoice #5 INV-0169 MR.AU"
  Income:Sales:SalesItem:Sell18kJewelry -26000 HKD
  category: "Jewelry"
  sku: "DDFFFFFF0400000000000026"
  qty: 1
  referenceNo: "5"
  orderId: "a525dd44-8d74-48f1-8d72-a4f08fc00f0c"
  type: "Invoice Item"
  sourceId: "cbe4ca6a-401e-4e46-acfb-7ef185390f1e"
  Assets:CurrentAssets:AccountReceivable
  referenceNo: "5"
  orderId: "a525dd44-8d74-48f1-8d72-a4f08fc00f0c"
  type: "Invoice"
  sourceId: "a525dd44-8d74-48f1-8d72-a4f08fc00f0c"
  contact: "852 61211155 (MR. AU) [5974a6fc-fac9-4714-bd11-0a1bf8016cf3]"
2023-01-14 * "Bill #199 kpay059"
  referenceNo: "199"
  orderId: "f5101768-37d8-4cbf-a61d-8afe833c72d6"
  type: "Bill"
  Expenses:CardFeeExpense 391 HKD
  qty: "1"
  description: "KPAY FEE"
  referenceNo: "199"
  orderId: "f5101768-37d8-4cbf-a61d-8afe833c72d6"
  type: "Bill Item"
  sourceId: "33b774c4-84fb-4b29-8d47-eb686fff35f3"
  Liabilities:CurrentLiabilities:AccountPayable
  referenceNo: "199"
  orderId: "f5101768-37d8-4cbf-a61d-8afe833c72d6"
  type: "Bill"
  sourceId: "f5101768-37d8-4cbf-a61d-8afe833c72d6"
  contact: "998 12345821 (KPAY) [5a706f32-7edc-48d8-ae47-62fee1e8bba1]"
2023-01-14 * "Assets:CurrentAssets:Bank:KpayBank" "Invoice Payment for Invoice #5 #6e6eaea2-2889-4ed4-b0a3-b1ae370c727a"
  Assets:CurrentAssets:Bank:KpayBank 26000 HKD
  type: "Invoice Payment"
  sourceId: "6e6eaea2-2889-4ed4-b0a3-b1ae370c727a"
  referenceNo: "5"
  orderId: "a525dd44-8d74-48f1-8d72-a4f08fc00f0c"
  Assets:CurrentAssets:AccountReceivable -26000 HKD
  type: "Invoice Payment"
  sourceId: "6e6eaea2-2889-4ed4-b0a3-b1ae370c727a"
  referenceNo: "5"
  orderId: "a525dd44-8d74-48f1-8d72-a4f08fc00f0c"
  contact: "852 61211155 (MR. AU) [5974a6fc-fac9-4714-bd11-0a1bf8016cf3]"
2023-01-14 * "998 12345821 (KPAY) [5a706f32-7edc-48d8-ae47-62fee1e8bba1]" "Bill Payment for Bill #199 #1527378f-b4bf-4b00-8721-3abf2d711b16"
  contact: "998 12345821 (KPAY) [5a706f32-7edc-48d8-ae47-62fee1e8bba1]"
  Liabilities:CurrentLiabilities:AccountPayable 391 HKD
  type: "Bill Payment"
  sourceId: "1527378f-b4bf-4b00-8721-3abf2d711b16"
  referenceNo: "199"
  orderId: "f5101768-37d8-4cbf-a61d-8afe833c72d6"
  Assets:CurrentAssets:Bank:KpayBank -391 HKD
  type: "Bill Payment"
  sourceId: "1527378f-b4bf-4b00-8721-3abf2d711b16"
  referenceNo: "199"
  orderId: "f5101768-37d8-4cbf-a61d-8afe833c72d6"
2023-01-16 * "Bill #392 FACEBK *9A9T5L7ZM2"
  referenceNo: "392"
  orderId: "f4f11276-dac6-4770-b655-10b359a21ac3"
  type: "Bill"
  Expenses:AdvertisingAndBranding 2692.48 HKD
  qty: "1"
  description: "FACEBK *9A9T5L7ZM2"
  referenceNo: "392"
  orderId: "f4f11276-dac6-4770-b655-10b359a21ac3"
  type: "Bill Item"
  sourceId: "09cdc5cc-3178-48e7-8e7c-c1f1be28c1e0"
  Liabilities:CurrentLiabilities:AccountPayable
  referenceNo: "392"
  orderId: "f4f11276-dac6-4770-b655-10b359a21ac3"
  type: "Bill"
  sourceId: "f4f11276-dac6-4770-b655-10b359a21ac3"
  contact: "880 806 () [53b8789a-4451-4a1f-84f7-a9c5da7ada1a]"
2023-01-16 * "Bill #451 OVERSEA TRANSACTION FEE"
  referenceNo: "451"
  orderId: "ff18e7f0-c2e1-46a0-92c1-a12829580463"
  type: "Bill"
  Expenses:BankFeesExpense 21.53 HKD
  qty: "1"
  description: "OVERSEA TRANSACTION FEE"
  referenceNo: "451"
  orderId: "ff18e7f0-c2e1-46a0-92c1-a12829580463"
  type: "Bill Item"
  sourceId: "8429d97a-bc96-4e4e-af9c-ea25e220cb82"
  Liabilities:CurrentLiabilities:AccountPayable
  referenceNo: "451"
  orderId: "ff18e7f0-c2e1-46a0-92c1-a12829580463"
  type: "Bill"
  sourceId: "ff18e7f0-c2e1-46a0-92c1-a12829580463"
  contact: "998 12345835 (boc(bank of china)) [82f385a7-d238-4826-9a12-e06648f93cdb]"
2023-01-16 * "880 806 () [53b8789a-4451-4a1f-84f7-a9c5da7ada1a]" "Bill Payment for Bill #392 #243ac851-8d40-4b19-b8dd-32d211080605"
  contact: "880 806 () [53b8789a-4451-4a1f-84f7-a9c5da7ada1a]"
  Liabilities:CurrentLiabilities:AccountPayable 2692.48 HKD
  type: "Bill Payment"
  sourceId: "243ac851-8d40-4b19-b8dd-32d211080605"
  referenceNo: "392"
  orderId: "f4f11276-dac6-4770-b655-10b359a21ac3"
  Assets:CurrentAssets:Bank:BocVisaCard-DavidBank -2692.48 HKD
  type: "Bill Payment"
  sourceId: "243ac851-8d40-4b19-b8dd-32d211080605"
  referenceNo: "392"
  orderId: "f4f11276-dac6-4770-b655-10b359a21ac3"
2023-01-16 * "998 12345835 (boc(bank of china)) [82f385a7-d238-4826-9a12-e06648f93cdb]" "Bill Payment for Bill #451 #5862d375-2ee3-4ca5-8456-f02420e0df60"
  contact: "998 12345835 (boc(bank of china)) [82f385a7-d238-4826-9a12-e06648f93cdb]"
  Liabilities:CurrentLiabilities:AccountPayable 21.53 HKD
  type: "Bill Payment"
  sourceId: "5862d375-2ee3-4ca5-8456-f02420e0df60"
  referenceNo: "451"
  orderId: "ff18e7f0-c2e1-46a0-92c1-a12829580463"
  Assets:CurrentAssets:Bank:BocVisaCard-DavidBank -21.53 HKD
  type: "Bill Payment"
  sourceId: "5862d375-2ee3-4ca5-8456-f02420e0df60"
  referenceNo: "451"
  orderId: "ff18e7f0-c2e1-46a0-92c1-a12829580463"
2023-01-18 * "Bill #620 NEW SETTING PURCHASE, NO.230118"
  referenceNo: "620"
  orderId: "6ce213f8-6150-4bbb-bff9-cf71bd6a0645"
  type: "Bill"
  Expenses:CostOfSales:Purchase:PurchaseItem:Buy18kJewelry 3000 HKD
  category: "Ring Setting"
  sku: "DDFFFFFF0B00000000000056"
  qty: 1
  referenceNo: "620"
  orderId: "6ce213f8-6150-4bbb-bff9-cf71bd6a0645"
  type: "Bill Item"
  sourceId: "fbe66a1a-6793-4a78-88f1-f8b68031a9d1"
  Expenses:CostOfSales:Purchase:PurchaseItem:Buy18kJewelry 3000 HKD
  category: "Ring Setting"
  sku: "DDFFFFFF0B00000000000082"
  qty: 1
  referenceNo: "620"
  orderId: "6ce213f8-6150-4bbb-bff9-cf71bd6a0645"
  type: "Bill Item"
  sourceId: "d0990b3a-210f-477d-9f6d-ca9b4c8cb767"
  Expenses:CostOfSales:Purchase:PurchaseItem:Buy18kJewelry 3500 HKD
  category: "Ring Setting"
  sku: "DDFFFFFF0B00000000000083"
  qty: 1
  referenceNo: "620"
  orderId: "6ce213f8-6150-4bbb-bff9-cf71bd6a0645"
  type: "Bill Item"
  sourceId: "4d3a00ec-3eea-4483-93be-a2c95be28c35"
  Expenses:CostOfSales:Purchase:PurchaseItem:Buy18kJewelry 3000 HKD
  category: "Ring Setting"
  sku: "DDFFFFFF0B00000000000084"
  qty: 1
  referenceNo: "620"
  orderId: "6ce213f8-6150-4bbb-bff9-cf71bd6a0645"
  type: "Bill Item"
  sourceId: "a04a2087-844c-4dd4-85b7-53b131decf41"
  Expenses:CostOfSales:Purchase:PurchaseItem:Buy18kJewelry 3500 HKD
  category: "Ring Setting"
  sku: "DDFFFFFF0B00000000000085"
  qty: 1
  referenceNo: "620"
  orderId: "6ce213f8-6150-4bbb-bff9-cf71bd6a0645"
  type: "Bill Item"
  sourceId: "98fbd760-fb8b-40b5-90e8-a78ee68a63b1"
  Liabilities:CurrentLiabilities:AccountPayable
  referenceNo: "620"
  orderId: "6ce213f8-6150-4bbb-bff9-cf71bd6a0645"
  type: "Bill"
  sourceId: "6ce213f8-6150-4bbb-bff9-cf71bd6a0645"
  contact: "998 12345740 (PRESSURE WORK DESIGN CONSULTANTS) [205398a5-a6c5-4a09-938a-7308f6334f41]"
2023-01-18 * "998 12345740 (PRESSURE WORK DESIGN CONSULTANTS) [205398a5-a6c5-4a09-938a-7308f6334f41]" "Bill Payment for Bill #620 #d113ccf2-1d05-4db7-a05d-35d3195d2f28"
  contact: "998 12345740 (PRESSURE WORK DESIGN CONSULTANTS) [205398a5-a6c5-4a09-938a-7308f6334f41]"
  Liabilities:CurrentLiabilities:AccountPayable 16000 HKD
  type: "Bill Payment"
  sourceId: "d113ccf2-1d05-4db7-a05d-35d3195d2f28"
  referenceNo: "620"
  orderId: "6ce213f8-6150-4bbb-bff9-cf71bd6a0645"
  Assets:CurrentAssets:Cash:CashInHand -16000 HKD
  type: "Bill Payment"
  sourceId: "d113ccf2-1d05-4db7-a05d-35d3195d2f28"
  referenceNo: "620"
  orderId: "6ce213f8-6150-4bbb-bff9-cf71bd6a0645"
2023-01-20 * "Bill #208 bank fee"
  referenceNo: "208"
  orderId: "dca562ec-3f49-4b73-992f-5082855ae948"
  type: "Bill"
  Expenses:BankFeesExpense 55 HKD
  qty: "1"
  description: ""
  referenceNo: "208"
  orderId: "dca562ec-3f49-4b73-992f-5082855ae948"
  type: "Bill Item"
  sourceId: "eab67813-dac1-44c9-95ce-7895b514fe46"
  Liabilities:CurrentLiabilities:AccountPayable
  referenceNo: "208"
  orderId: "dca562ec-3f49-4b73-992f-5082855ae948"
  type: "Bill"
  sourceId: "dca562ec-3f49-4b73-992f-5082855ae948"
  contact: "880 806 () [53b8789a-4451-4a1f-84f7-a9c5da7ada1a]"
2023-01-20 * "880 806 () [53b8789a-4451-4a1f-84f7-a9c5da7ada1a]" "Bill Payment for Bill #208 #5b5cd840-db4d-4648-9382-3c4fb250d7b0"
  contact: "880 806 () [53b8789a-4451-4a1f-84f7-a9c5da7ada1a]"
  Liabilities:CurrentLiabilities:AccountPayable 55 HKD
  type: "Bill Payment"
  sourceId: "5b5cd840-db4d-4648-9382-3c4fb250d7b0"
  referenceNo: "208"
  orderId: "dca562ec-3f49-4b73-992f-5082855ae948"
  Assets:CurrentAssets:Bank:BocSavingBank -55 HKD
  type: "Bill Payment"
  sourceId: "5b5cd840-db4d-4648-9382-3c4fb250d7b0"
  referenceNo: "208"
  orderId: "dca562ec-3f49-4b73-992f-5082855ae948"
2023-01-20 * "998 12345807 (FOOK DIAM LTD) [0d22054e-9e17-4410-8829-d43d904a4393]" "Bill Payment for Bill #312 #488df948-3a1b-4d3b-9e8e-b34516fe38b7"
  contact: "998 12345807 (FOOK DIAM LTD) [0d22054e-9e17-4410-8829-d43d904a4393]"
  Liabilities:CurrentLiabilities:AccountPayable 5795.15 HKD
  type: "Bill Payment"
  sourceId: "488df948-3a1b-4d3b-9e8e-b34516fe38b7"
  referenceNo: "312"
  orderId: "7f1d7c63-bf69-47ff-ae9a-e4084d547882"
  Assets:CurrentAssets:Bank:BocSavingBank -5795.15 HKD
  type: "Bill Payment"
  sourceId: "488df948-3a1b-4d3b-9e8e-b34516fe38b7"
  referenceNo: "312"
  orderId: "7f1d7c63-bf69-47ff-ae9a-e4084d547882"
2023-01-21 * "Bill #452 OVERSEA TRANSACTION FEE"
  referenceNo: "452"
  orderId: "972573e9-f77e-4750-9c33-f79260cad872"
  type: "Bill"
  Expenses:BankFeesExpense 60 HKD
  qty: "1"
  description: "OVERSEA TRANSACTION FEE"
  referenceNo: "452"
  orderId: "972573e9-f77e-4750-9c33-f79260cad872"
  type: "Bill Item"
  sourceId: "2ce5829b-9798-4799-995b-9ab892bf5938"
  Liabilities:CurrentLiabilities:AccountPayable
  referenceNo: "452"
  orderId: "972573e9-f77e-4750-9c33-f79260cad872"
  type: "Bill"
  sourceId: "972573e9-f77e-4750-9c33-f79260cad872"
  contact: "998 12345835 (boc(bank of china)) [82f385a7-d238-4826-9a12-e06648f93cdb]"
2023-01-26 * "Bill #440 "
  referenceNo: "440"
  orderId: "dec4c102-bb55-48f7-8dc2-c5bd36249271"
  type: "Bill"
  Expenses:BankFeesExpense 55 HKD
  qty: "1"
  description: ""
  referenceNo: "440"
  orderId: "dec4c102-bb55-48f7-8dc2-c5bd36249271"
  type: "Bill Item"
  sourceId: "058785c8-0513-40b7-b449-c341bf030dcf"
  Liabilities:CurrentLiabilities:AccountPayable
  referenceNo: "440"
  orderId: "dec4c102-bb55-48f7-8dc2-c5bd36249271"
  type: "Bill"
  sourceId: "dec4c102-bb55-48f7-8dc2-c5bd36249271"
  contact: "998 12345835 (boc(bank of china)) [82f385a7-d238-4826-9a12-e06648f93cdb]"
2023-01-26 * "Bill #449 FACEBK *7672CL7ZM2"
  referenceNo: "449"
  orderId: "9c0d48f8-6b3a-4134-9417-b4e7c46fd98b"
  type: "Bill"
  Expenses:AdvertisingAndBranding 7500 HKD
  qty: "1"
  description: "FACEBK *7672CL7ZM2"
  referenceNo: "449"
  orderId: "9c0d48f8-6b3a-4134-9417-b4e7c46fd98b"
  type: "Bill Item"
  sourceId: "0f8615bb-f465-40dc-9f44-42fe9eaf22d4"
  Liabilities:CurrentLiabilities:AccountPayable
  referenceNo: "449"
  orderId: "9c0d48f8-6b3a-4134-9417-b4e7c46fd98b"
  type: "Bill"
  sourceId: "9c0d48f8-6b3a-4134-9417-b4e7c46fd98b"
  contact: "880 806 () [53b8789a-4451-4a1f-84f7-a9c5da7ada1a]"
2023-01-26 * "880 806 () [53b8789a-4451-4a1f-84f7-a9c5da7ada1a]" "Bill Payment for Bill #449 #14d56077-b090-41ba-baeb-ee282072383a"
  contact: "880 806 () [53b8789a-4451-4a1f-84f7-a9c5da7ada1a]"
  Liabilities:CurrentLiabilities:AccountPayable 7500 HKD
  type: "Bill Payment"
  sourceId: "14d56077-b090-41ba-baeb-ee282072383a"
  referenceNo: "449"
  orderId: "9c0d48f8-6b3a-4134-9417-b4e7c46fd98b"
  Assets:CurrentAssets:Bank:BocVisaCard-DavidBank -7500 HKD
  type: "Bill Payment"
  sourceId: "14d56077-b090-41ba-baeb-ee282072383a"
  referenceNo: "449"
  orderId: "9c0d48f8-6b3a-4134-9417-b4e7c46fd98b"
2023-01-26 * "998 12345835 (boc(bank of china)) [82f385a7-d238-4826-9a12-e06648f93cdb]" "Bill Payment for Bill #452 #e8c5e854-8f9d-4cc8-9f01-9e3c10d18fb6"
  contact: "998 12345835 (boc(bank of china)) [82f385a7-d238-4826-9a12-e06648f93cdb]"
  Liabilities:CurrentLiabilities:AccountPayable 60 HKD
  type: "Bill Payment"
  sourceId: "e8c5e854-8f9d-4cc8-9f01-9e3c10d18fb6"
  referenceNo: "452"
  orderId: "972573e9-f77e-4750-9c33-f79260cad872"
  Assets:CurrentAssets:Bank:BocVisaCard-DavidBank -60 HKD
  type: "Bill Payment"
  sourceId: "e8c5e854-8f9d-4cc8-9f01-9e3c10d18fb6"
  referenceNo: "452"
  orderId: "972573e9-f77e-4750-9c33-f79260cad872"
2023-01-26 * "998 12345835 (boc(bank of china)) [82f385a7-d238-4826-9a12-e06648f93cdb]" "Bill Payment for Bill #440 #0060f1b9-bcec-4789-8c5b-350c8044de9c"
  contact: "998 12345835 (boc(bank of china)) [82f385a7-d238-4826-9a12-e06648f93cdb]"
  Liabilities:CurrentLiabilities:AccountPayable 55 HKD
  type: "Bill Payment"
  sourceId: "0060f1b9-bcec-4789-8c5b-350c8044de9c"
  referenceNo: "440"
  orderId: "dec4c102-bb55-48f7-8dc2-c5bd36249271"
  Assets:CurrentAssets:Bank:BocSavingBank -55 HKD
  type: "Bill Payment"
  sourceId: "0060f1b9-bcec-4789-8c5b-350c8044de9c"
  referenceNo: "440"
  orderId: "dec4c102-bb55-48f7-8dc2-c5bd36249271"
2023-01-26 * "998 12345762 (STAR RAYS DIAMOND HK LTD.) [541705df-67e8-4341-a8fc-b7225224b6a4]" "Bill Payment for Bill #418 #1a76150e-2f56-461d-a571-72746521272e"
  contact: "998 12345762 (STAR RAYS DIAMOND HK LTD.) [541705df-67e8-4341-a8fc-b7225224b6a4]"
  Liabilities:CurrentLiabilities:AccountPayable 22380.06 HKD
  type: "Bill Payment"
  sourceId: "1a76150e-2f56-461d-a571-72746521272e"
  referenceNo: "418"
  orderId: "9c173564-20f2-4d5b-82fd-dd9901f34719"
  Assets:CurrentAssets:Bank:BocSavingBank -22380.06 HKD
  type: "Bill Payment"
  sourceId: "1a76150e-2f56-461d-a571-72746521272e"
  referenceNo: "418"
  orderId: "9c173564-20f2-4d5b-82fd-dd9901f34719"
2023-01-27 * "Bill #844 kpay060 rebate 開戶費回贈 2000"
  referenceNo: "844"
  orderId: "2396a274-4c20-4c0c-a40f-5e338b511ddf"
  type: "Bill"
  Expenses:CardFeeExpense -2000 HKD
  qty: "1"
  description: "kpay060 rebate 開戶費回贈 2000"
  referenceNo: "844"
  orderId: "2396a274-4c20-4c0c-a40f-5e338b511ddf"
  type: "Bill Item"
  sourceId: "340da366-6869-4d4d-b9e1-6553168a56b1"
  Liabilities:CurrentLiabilities:AccountPayable
  referenceNo: "844"
  orderId: "2396a274-4c20-4c0c-a40f-5e338b511ddf"
  type: "Bill"
  sourceId: "2396a274-4c20-4c0c-a40f-5e338b511ddf"
  contact: "998 12345821 (KPAY) [5a706f32-7edc-48d8-ae47-62fee1e8bba1]"
2023-01-27 * "998 12345821 (KPAY) [5a706f32-7edc-48d8-ae47-62fee1e8bba1]" "Bill Payment for Bill #844 #b9df931d-7fb7-4807-8053-86e01fea6ec7"
  contact: "998 12345821 (KPAY) [5a706f32-7edc-48d8-ae47-62fee1e8bba1]"
  Liabilities:CurrentLiabilities:AccountPayable -2000 HKD
  type: "Bill Payment"
  sourceId: "b9df931d-7fb7-4807-8053-86e01fea6ec7"
  referenceNo: "844"
  orderId: "2396a274-4c20-4c0c-a40f-5e338b511ddf"
  Assets:CurrentAssets:Bank:BocSavingBank --2000 HKD
  type: "Bill Payment"
  sourceId: "b9df931d-7fb7-4807-8053-86e01fea6ec7"
  referenceNo: "844"
  orderId: "2396a274-4c20-4c0c-a40f-5e338b511ddf"
2023-01-28 * "Bill #454 OVERSEA TRANSACTION FEE"
  referenceNo: "454"
  orderId: "d40309d5-ee5b-4829-8279-e00a235c5ccc"
  type: "Bill"
  Expenses:BankFeesExpense 60 HKD
  qty: "1"
  description: "OVERSEA TRANSACTION FEE"
  referenceNo: "454"
  orderId: "d40309d5-ee5b-4829-8279-e00a235c5ccc"
  type: "Bill Item"
  sourceId: "63c2cc08-97f2-443a-91f0-ae87adfa61c6"
  Liabilities:CurrentLiabilities:AccountPayable
  referenceNo: "454"
  orderId: "d40309d5-ee5b-4829-8279-e00a235c5ccc"
  type: "Bill"
  sourceId: "d40309d5-ee5b-4829-8279-e00a235c5ccc"
  contact: "998 12345835 (boc(bank of china)) [82f385a7-d238-4826-9a12-e06648f93cdb]"
2023-01-28 * "Bill #458 FACEBK *EYTVCPXYM2"
  referenceNo: "458"
  orderId: "d8256b47-39dd-422f-af75-4eb5780d1fb8"
  type: "Bill"
  Expenses:AdvertisingAndBranding 7500 HKD
  qty: "1"
  description: "FACEBK *EYTVCPXYM2"
  referenceNo: "458"
  orderId: "d8256b47-39dd-422f-af75-4eb5780d1fb8"
  type: "Bill Item"
  sourceId: "ac33b24d-3047-4893-9e28-20cee0974ba0"
  Liabilities:CurrentLiabilities:AccountPayable
  referenceNo: "458"
  orderId: "d8256b47-39dd-422f-af75-4eb5780d1fb8"
  type: "Bill"
  sourceId: "d8256b47-39dd-422f-af75-4eb5780d1fb8"
  contact: "880 806 () [53b8789a-4451-4a1f-84f7-a9c5da7ada1a]"
2023-01-28 * "998 12345835 (boc(bank of china)) [82f385a7-d238-4826-9a12-e06648f93cdb]" "Bill Payment for Bill #454 #84b038ea-6f03-40d5-ab5f-a82a03f51c3e"
  contact: "998 12345835 (boc(bank of china)) [82f385a7-d238-4826-9a12-e06648f93cdb]"
  Liabilities:CurrentLiabilities:AccountPayable 60 HKD
  type: "Bill Payment"
  sourceId: "84b038ea-6f03-40d5-ab5f-a82a03f51c3e"
  referenceNo: "454"
  orderId: "d40309d5-ee5b-4829-8279-e00a235c5ccc"
  Assets:CurrentAssets:Bank:BocVisaCard-DavidBank -60 HKD
  type: "Bill Payment"
  sourceId: "84b038ea-6f03-40d5-ab5f-a82a03f51c3e"
  referenceNo: "454"
  orderId: "d40309d5-ee5b-4829-8279-e00a235c5ccc"
2023-01-28 * "880 806 () [53b8789a-4451-4a1f-84f7-a9c5da7ada1a]" "Bill Payment for Bill #458 #7021a39b-1da1-4b3b-8889-fdcb6ce98a79"
  contact: "880 806 () [53b8789a-4451-4a1f-84f7-a9c5da7ada1a]"
  Liabilities:CurrentLiabilities:AccountPayable 7500 HKD
  type: "Bill Payment"
  sourceId: "7021a39b-1da1-4b3b-8889-fdcb6ce98a79"
  referenceNo: "458"
  orderId: "d8256b47-39dd-422f-af75-4eb5780d1fb8"
  Assets:CurrentAssets:Bank:BocVisaCard-DavidBank -7500 HKD
  type: "Bill Payment"
  sourceId: "7021a39b-1da1-4b3b-8889-fdcb6ce98a79"
  referenceNo: "458"
  orderId: "d8256b47-39dd-422f-af75-4eb5780d1fb8"
2023-01-29 * "Bill #460 CHATFUEL"
  referenceNo: "460"
  orderId: "58a5f4e4-cda7-402c-8b13-b41d78a47069"
  type: "Bill"
  Expenses:WebErpDev 159.69 HKD
  qty: "1"
  description: "CHATFUEL USD20 @7.9845"
  referenceNo: "460"
  orderId: "58a5f4e4-cda7-402c-8b13-b41d78a47069"
  type: "Bill Item"
  sourceId: "37c16002-20a7-4e85-9901-b0bc5c004197"
  Liabilities:CurrentLiabilities:AccountPayable
  referenceNo: "460"
  orderId: "58a5f4e4-cda7-402c-8b13-b41d78a47069"
  type: "Bill"
  sourceId: "58a5f4e4-cda7-402c-8b13-b41d78a47069"
  contact: "880 806 () [53b8789a-4451-4a1f-84f7-a9c5da7ada1a]"
2023-01-29 * "880 806 () [53b8789a-4451-4a1f-84f7-a9c5da7ada1a]" "Bill Payment for Bill #460 #3a98743c-cece-41df-81a3-4c37db3710b7"
  contact: "880 806 () [53b8789a-4451-4a1f-84f7-a9c5da7ada1a]"
  Liabilities:CurrentLiabilities:AccountPayable 159.69 HKD
  type: "Bill Payment"
  sourceId: "3a98743c-cece-41df-81a3-4c37db3710b7"
  referenceNo: "460"
  orderId: "58a5f4e4-cda7-402c-8b13-b41d78a47069"
  Assets:CurrentAssets:Bank:BocVisaCard-DavidBank -159.69 HKD
  type: "Bill Payment"
  sourceId: "3a98743c-cece-41df-81a3-4c37db3710b7"
  referenceNo: "460"
  orderId: "58a5f4e4-cda7-402c-8b13-b41d78a47069"
2023-01-30 * "Bill #261 SALARY 23年1月"
  referenceNo: "261"
  orderId: "c3d062d1-06ef-48d8-b4b9-0ffc57fe7bcc"
  type: "Bill"
  Expenses:WagesAndSalaries 50350 HKD
  qty: "1"
  description: "SALARY 23年1月"
  referenceNo: "261"
  orderId: "c3d062d1-06ef-48d8-b4b9-0ffc57fe7bcc"
  type: "Bill Item"
  sourceId: "b1cacd79-9b8e-4d0e-9eef-1acfef25da8a"
  Liabilities:CurrentLiabilities:AccountPayable
  referenceNo: "261"
  orderId: "c3d062d1-06ef-48d8-b4b9-0ffc57fe7bcc"
  type: "Bill"
  sourceId: "c3d062d1-06ef-48d8-b4b9-0ffc57fe7bcc"
  contact: "880 806 () [53b8789a-4451-4a1f-84f7-a9c5da7ada1a]"
2023-01-30 * "880 806 () [53b8789a-4451-4a1f-84f7-a9c5da7ada1a]" "Bill Payment for Bill #261 #97f206c3-e05d-4c29-a566-7b55d6c411cd"
  contact: "880 806 () [53b8789a-4451-4a1f-84f7-a9c5da7ada1a]"
  Liabilities:CurrentLiabilities:AccountPayable 50350 HKD
  type: "Bill Payment"
  sourceId: "97f206c3-e05d-4c29-a566-7b55d6c411cd"
  referenceNo: "261"
  orderId: "c3d062d1-06ef-48d8-b4b9-0ffc57fe7bcc"
  Assets:CurrentAssets:Bank:BocSavingBank -50350 HKD
  type: "Bill Payment"
  sourceId: "97f206c3-e05d-4c29-a566-7b55d6c411cd"
  referenceNo: "261"
  orderId: "c3d062d1-06ef-48d8-b4b9-0ffc57fe7bcc"
2023-01-30 * "Bill #372 323 2月管理費"
  referenceNo: "372"
  orderId: "62ab7cc0-3371-423f-b996-a67ad02221ed"
  type: "Bill"
  Expenses:BuildingManagementFee 1648 HKD
  qty: "1"
  description: "323 2月管理費"
  referenceNo: "372"
  orderId: "62ab7cc0-3371-423f-b996-a67ad02221ed"
  type: "Bill Item"
  sourceId: "c8732189-543d-40fe-be86-f60b13bb49f4"
  Liabilities:CurrentLiabilities:AccountPayable
  referenceNo: "372"
  orderId: "62ab7cc0-3371-423f-b996-a67ad02221ed"
  type: "Bill"
  sourceId: "62ab7cc0-3371-423f-b996-a67ad02221ed"
  contact: "880 806 () [53b8789a-4451-4a1f-84f7-a9c5da7ada1a]"
2023-01-30 * "880 806 () [53b8789a-4451-4a1f-84f7-a9c5da7ada1a]" "Bill Payment for Bill #372 #491f33ff-b361-46da-9c74-866fe699ef0c"
  contact: "880 806 () [53b8789a-4451-4a1f-84f7-a9c5da7ada1a]"
  Liabilities:CurrentLiabilities:AccountPayable 1648 HKD
  type: "Bill Payment"
  sourceId: "491f33ff-b361-46da-9c74-866fe699ef0c"
  referenceNo: "372"
  orderId: "62ab7cc0-3371-423f-b996-a67ad02221ed"
  Assets:CurrentAssets:Bank:BocCurrentBank -1648 HKD
  type: "Bill Payment"
  sourceId: "491f33ff-b361-46da-9c74-866fe699ef0c"
  referenceNo: "372"
  orderId: "62ab7cc0-3371-423f-b996-a67ad02221ed"
2023-01-31 * "Invoice #64 interest"
  Income:OtherIncome:Interest-bank -141.23 HKD
  description: "interest"
  qty: 1
  referenceNo: "64"
  orderId: "7473a7ab-5d3d-4ca9-877e-3040492e00ad"
  type: "Invoice Item"
  sourceId: "0fa675b8-5b02-423b-81f7-1c3b3849b89e"
  Assets:CurrentAssets:AccountReceivable
  referenceNo: "64"
  orderId: "7473a7ab-5d3d-4ca9-877e-3040492e00ad"
  type: "Invoice"
  sourceId: "7473a7ab-5d3d-4ca9-877e-3040492e00ad"
  contact: "998 12345835 (boc(bank of china)) [82f385a7-d238-4826-9a12-e06648f93cdb]"
2023-01-31 * "Assets:CurrentAssets:Bank:BocSavingBank" "Invoice Payment for Invoice #64 #e12bbb07-792d-40f9-b2a2-84ba05d07904"
  Assets:CurrentAssets:Bank:BocSavingBank 141.23 HKD
  type: "Invoice Payment"
  sourceId: "e12bbb07-792d-40f9-b2a2-84ba05d07904"
  referenceNo: "64"
  orderId: "7473a7ab-5d3d-4ca9-877e-3040492e00ad"
  Assets:CurrentAssets:AccountReceivable -141.23 HKD
  type: "Invoice Payment"
  sourceId: "e12bbb07-792d-40f9-b2a2-84ba05d07904"
  referenceNo: "64"
  orderId: "7473a7ab-5d3d-4ca9-877e-3040492e00ad"
  contact: "998 12345835 (boc(bank of china)) [82f385a7-d238-4826-9a12-e06648f93cdb]"
2023-01-31 * "Assets:CurrentAssets:Bank:BocForeignBank" "Invoice Payment for Invoice #133 #690345b9-b87e-4b46-a57b-c9910e4f354f"
  Assets:CurrentAssets:Bank:BocForeignBank 2.91 USD
  type: "Invoice Payment"
  sourceId: "690345b9-b87e-4b46-a57b-c9910e4f354f"
  referenceNo: "133"
  orderId: "1c2463a8-90b1-483a-8df9-98c4f9c8b7b5"
  Assets:CurrentAssets:AccountReceivable -2.91 USD
  type: "Invoice Payment"
  sourceId: "690345b9-b87e-4b46-a57b-c9910e4f354f"
  referenceNo: "133"
  orderId: "1c2463a8-90b1-483a-8df9-98c4f9c8b7b5"
  contact: "998 12345835 (boc(bank of china)) [82f385a7-d238-4826-9a12-e06648f93cdb]"
2023-01-31 * "Invoice #133 INTEREST"
  Income:OtherIncome:Interest-bank -2.91 USD
  description: "INTEREST"
  qty: 1
  referenceNo: "133"
  orderId: "1c2463a8-90b1-483a-8df9-98c4f9c8b7b5"
  type: "Invoice Item"
  sourceId: "2a47498d-2f1c-44df-b14c-9e7f73a5a9f4"
  Assets:CurrentAssets:AccountReceivable
  referenceNo: "133"
  orderId: "1c2463a8-90b1-483a-8df9-98c4f9c8b7b5"
  type: "Invoice"
  sourceId: "1c2463a8-90b1-483a-8df9-98c4f9c8b7b5"
  contact: "998 12345835 (boc(bank of china)) [82f385a7-d238-4826-9a12-e06648f93cdb]"
2023-01-31 * "Bill #183 1月2023 MPF"
  referenceNo: "183"
  orderId: "bd6191e2-b161-4e1b-92b7-5b614702d764"
  type: "Bill"
  Expenses:Mpf 5300 HKD
  qty: "1"
  description: "1月2023 MPF"
  referenceNo: "183"
  orderId: "bd6191e2-b161-4e1b-92b7-5b614702d764"
  type: "Bill Item"
  sourceId: "ec02681c-2149-4397-a593-29aa662a7b91"
  Liabilities:CurrentLiabilities:AccountPayable
  referenceNo: "183"
  orderId: "bd6191e2-b161-4e1b-92b7-5b614702d764"
  type: "Bill"
  sourceId: "bd6191e2-b161-4e1b-92b7-5b614702d764"
  contact: "880 806 () [53b8789a-4451-4a1f-84f7-a9c5da7ada1a]"
2023-01-31 * "880 806 () [53b8789a-4451-4a1f-84f7-a9c5da7ada1a]" "Bill Payment for Bill #183 #f35e19fa-bdfa-4fb5-a0e4-36b653b76768"
  contact: "880 806 () [53b8789a-4451-4a1f-84f7-a9c5da7ada1a]"
  Liabilities:CurrentLiabilities:AccountPayable 5300 HKD
  type: "Bill Payment"
  sourceId: "f35e19fa-bdfa-4fb5-a0e4-36b653b76768"
  referenceNo: "183"
  orderId: "bd6191e2-b161-4e1b-92b7-5b614702d764"
  Assets:CurrentAssets:Bank:BocCurrentBank -5300 HKD
  type: "Bill Payment"
  sourceId: "f35e19fa-bdfa-4fb5-a0e4-36b653b76768"
  referenceNo: "183"
  orderId: "bd6191e2-b161-4e1b-92b7-5b614702d764"