; ORDER transactions for 2023-11

2023-11-01 * "Bill #871 kpay100"
  referenceNo: "871"
  orderId: "9d295108-2d58-4083-b10c-c9a171530312"
  type: "Bill"
  Expenses:GeneralExpense:CardFeeExpense 99.58 HKD
  qty: "1"
  description: "8215 - 8115.42 = 99.58"
  referenceNo: "871"
  orderId: "9d295108-2d58-4083-b10c-c9a171530312"
  type: "Bill Item"
  sourceId: "b43edd04-bafe-458a-aa5f-32917ec81cd3"
  Liabilities:CurrentLiabilities:AccountPayable
  referenceNo: "871"
  orderId: "9d295108-2d58-4083-b10c-c9a171530312"
  type: "Bill"
  sourceId: "9d295108-2d58-4083-b10c-c9a171530312"
  contact: "998 12345821 (KPAY) [5a706f32-7edc-48d8-ae47-62fee1e8bba1]"
2023-11-01 * "Bill #872 kpay101"
  referenceNo: "872"
  orderId: "3b776ac7-6b77-414a-b1d5-d41edec68d01"
  type: "Bill"
  Expenses:GeneralExpense:CardFeeExpense 413.50 HKD
  qty: "1"
  description: "27500 - 27086.5 = 413.5"
  referenceNo: "872"
  orderId: "3b776ac7-6b77-414a-b1d5-d41edec68d01"
  type: "Bill Item"
  sourceId: "252f9b68-41ae-4606-b156-187ab745a014"
  Liabilities:CurrentLiabilities:AccountPayable
  referenceNo: "872"
  orderId: "3b776ac7-6b77-414a-b1d5-d41edec68d01"
  type: "Bill"
  sourceId: "3b776ac7-6b77-414a-b1d5-d41edec68d01"
  contact: "998 12345821 (KPAY) [5a706f32-7edc-48d8-ae47-62fee1e8bba1]"
2023-11-01 * "998 12345821 (KPAY) [5a706f32-7edc-48d8-ae47-62fee1e8bba1]" "Bill Payment for Bill #871 #69600ba9-20a5-49f8-bdeb-ac68dbae94fa"
  Liabilities:CurrentLiabilities:AccountPayable 99.58 HKD
  contact: "998 12345821 (KPAY) [5a706f32-7edc-48d8-ae47-62fee1e8bba1]"
  type: "Bill Payment"
  sourceId: "69600ba9-20a5-49f8-bdeb-ac68dbae94fa"
  referenceNo: "871"
  orderId: "9d295108-2d58-4083-b10c-c9a171530312"
  Assets:CurrentAssets:Bank:KpayBank -99.58 HKD
  type: "Bill Payment"
  sourceId: "69600ba9-20a5-49f8-bdeb-ac68dbae94fa"
  referenceNo: "871"
  orderId: "9d295108-2d58-4083-b10c-c9a171530312"
2023-11-01 * "998 12345821 (KPAY) [5a706f32-7edc-48d8-ae47-62fee1e8bba1]" "Bill Payment for Bill #872 #903278a3-8d45-4158-bff7-bdab8fb12fd4"
  Liabilities:CurrentLiabilities:AccountPayable 413.50 HKD
  contact: "998 12345821 (KPAY) [5a706f32-7edc-48d8-ae47-62fee1e8bba1]"
  type: "Bill Payment"
  sourceId: "903278a3-8d45-4158-bff7-bdab8fb12fd4"
  referenceNo: "872"
  orderId: "3b776ac7-6b77-414a-b1d5-d41edec68d01"
  Assets:CurrentAssets:Bank:KpayBank -413.50 HKD
  type: "Bill Payment"
  sourceId: "903278a3-8d45-4158-bff7-bdab8fb12fd4"
  referenceNo: "872"
  orderId: "3b776ac7-6b77-414a-b1d5-d41edec68d01"
2023-11-02 * "Bill #907 MICROSOFT*MICROSOFT 365 F"
  referenceNo: "907"
  orderId: "28cd91e9-da4a-4786-9f6a-e0f6b51ba251"
  type: "Bill"
  Expenses:GeneralExpense:Subscriptions 78.00 HKD
  qty: "1"
  description: "MICROSOFT*MICROSOFT 365 F"
  referenceNo: "907"
  orderId: "28cd91e9-da4a-4786-9f6a-e0f6b51ba251"
  type: "Bill Item"
  sourceId: "e1c53d1c-bbd9-43e4-a786-b06c75e591e0"
  Liabilities:CurrentLiabilities:AccountPayable
  referenceNo: "907"
  orderId: "28cd91e9-da4a-4786-9f6a-e0f6b51ba251"
  type: "Bill"
  sourceId: "28cd91e9-da4a-4786-9f6a-e0f6b51ba251"
  contact: "880 806 () [53b8789a-4451-4a1f-84f7-a9c5da7ada1a]"
2023-11-02 * "Bill #864 G17 入貨 1GGOLDNUGGETS,"
  referenceNo: "864"
  orderId: "f4438aa7-0219-4a9e-a5f1-e146e8c74d83"
  type: "Bill"
  Expenses:CostOfSales:Purchase:PurchaseItem:BuyGoldJewelry 503307.41 HKD
  category: "Gold Jewelry"
  sku: "GN000001"
  qty: 1000
  referenceNo: "864"
  orderId: "f4438aa7-0219-4a9e-a5f1-e146e8c74d83"
  type: "Bill Item"
  sourceId: "b50c4330-875e-4ad2-b6fd-8aaddd32266e"
  Expenses:CostOfSales:Purchase:PurchaseItem:BuyCost-ProcessingFee 0.00 HKD
  qty: "0"
  description: "COST BREAKDOWN = 498.86241(金重) + 4.45 (工費)  = hkd 503.31 / g"
  referenceNo: "864"
  orderId: "f4438aa7-0219-4a9e-a5f1-e146e8c74d83"
  type: "Bill Item"
  sourceId: "ce31bdde-4c50-49b4-8c03-a4aa4c513897"
  Liabilities:CurrentLiabilities:AccountPayable
  referenceNo: "864"
  orderId: "f4438aa7-0219-4a9e-a5f1-e146e8c74d83"
  type: "Bill"
  sourceId: "f4438aa7-0219-4a9e-a5f1-e146e8c74d83"
  contact: "852 91416659 (黎叔深圳市金万祥珠宝有限公司) [72b9826a-7aa0-42f0-8f15-77766d2ff7db]"
2023-11-02 * "852 91416659 (黎叔深圳市金万祥珠宝有限公司) [72b9826a-7aa0-42f0-8f15-77766d2ff7db]" "Bill Payment for Bill #864 #9c8db8ef-23ad-4fb0-b7c0-12ffbe8743d8"
  Liabilities:CurrentLiabilities:AccountPayable 498862.41 HKD
  contact: "852 91416659 (黎叔深圳市金万祥珠宝有限公司) [72b9826a-7aa0-42f0-8f15-77766d2ff7db]"
  type: "Bill Payment"
  sourceId: "9c8db8ef-23ad-4fb0-b7c0-12ffbe8743d8"
  referenceNo: "864"
  orderId: "f4438aa7-0219-4a9e-a5f1-e146e8c74d83"
  Liabilities:CurrentLiabilities:CurrentAccount:C-a-MilrichElectronicsHkCoLtd -498862.41 HKD
  type: "Bill Payment"
  sourceId: "9c8db8ef-23ad-4fb0-b7c0-12ffbe8743d8"
  referenceNo: "864"
  orderId: "f4438aa7-0219-4a9e-a5f1-e146e8c74d83"
2023-11-02 * "852 91416659 (黎叔深圳市金万祥珠宝有限公司) [72b9826a-7aa0-42f0-8f15-77766d2ff7db]" "Bill Payment for Bill #864 #4e949042-74fb-4405-82a7-dde71e249ef5"
  Liabilities:CurrentLiabilities:AccountPayable 4445.00 HKD
  contact: "852 91416659 (黎叔深圳市金万祥珠宝有限公司) [72b9826a-7aa0-42f0-8f15-77766d2ff7db]"
  type: "Bill Payment"
  sourceId: "4e949042-74fb-4405-82a7-dde71e249ef5"
  referenceNo: "864"
  orderId: "f4438aa7-0219-4a9e-a5f1-e146e8c74d83"
  Liabilities:CurrentLiabilities:CurrentAccount:C-a-MilrichElectronicsHkCoLtd -4445.00 HKD
  type: "Bill Payment"
  sourceId: "4e949042-74fb-4405-82a7-dde71e249ef5"
  referenceNo: "864"
  orderId: "f4438aa7-0219-4a9e-a5f1-e146e8c74d83"
2023-11-02 * "Invoice #281 "
  Income:Sales:SalesItem:SellGoldJewelry -3120.00 HKD
  category: "Gold Jewelry"
  sku: "GN000001"
  qty: 6
  referenceNo: "281"
  orderId: "d9e73d49-5d3f-4804-9cca-8aafcab16d1f"
  type: "Invoice Item"
  sourceId: "dbb024ab-08bc-4b6b-8a54-79d7b9d7bad2"
  Assets:CurrentAssets:AccountReceivable
  referenceNo: "281"
  orderId: "d9e73d49-5d3f-4804-9cca-8aafcab16d1f"
  type: "Invoice"
  sourceId: "d9e73d49-5d3f-4804-9cca-8aafcab16d1f"
  contact: "852 96045933 (MR.CHAN) [b98db160-cd23-4562-89de-8a6c29f54079]"
2023-11-03 * "Bill #869 SALARY - CHERRY 23年10月"
  referenceNo: "869"
  orderId: "ebb9bc86-bd2e-4f56-a6ba-329cd52c7954"
  type: "Bill"
  Expenses:GeneralExpense:WagesAndSalaries 774.00 HKD
  qty: "1"
  description: "SALARY - CHERRY 23年10月"
  referenceNo: "869"
  orderId: "ebb9bc86-bd2e-4f56-a6ba-329cd52c7954"
  type: "Bill Item"
  sourceId: "c3dc3095-ea96-4b43-b06c-0fb629a271ad"
  Liabilities:CurrentLiabilities:AccountPayable
  referenceNo: "869"
  orderId: "ebb9bc86-bd2e-4f56-a6ba-329cd52c7954"
  type: "Bill"
  sourceId: "ebb9bc86-bd2e-4f56-a6ba-329cd52c7954"
  contact: "880 806 () [53b8789a-4451-4a1f-84f7-a9c5da7ada1a]"
2023-11-03 * "880 806 () [53b8789a-4451-4a1f-84f7-a9c5da7ada1a]" "Bill Payment for Bill #869 #74fc4c47-495a-4712-830b-23f6d0be3250"
  Liabilities:CurrentLiabilities:AccountPayable 774.00 HKD
  contact: "880 806 () [53b8789a-4451-4a1f-84f7-a9c5da7ada1a]"
  type: "Bill Payment"
  sourceId: "74fc4c47-495a-4712-830b-23f6d0be3250"
  referenceNo: "869"
  orderId: "ebb9bc86-bd2e-4f56-a6ba-329cd52c7954"
  Assets:CurrentAssets:Bank:BocSavingBank -774.00 HKD
  type: "Bill Payment"
  sourceId: "74fc4c47-495a-4712-830b-23f6d0be3250"
  referenceNo: "869"
  orderId: "ebb9bc86-bd2e-4f56-a6ba-329cd52c7954"
2023-11-04 * "Assets:CurrentAssets:Bank:BocSavingBank" "Invoice Payment for Invoice #281 #8cb171f3-95bc-4dcf-baa4-0a59e453a87f"
  Assets:CurrentAssets:Bank:BocSavingBank 3120.00 HKD
  type: "Invoice Payment"
  sourceId: "8cb171f3-95bc-4dcf-baa4-0a59e453a87f"
  referenceNo: "281"
  orderId: "d9e73d49-5d3f-4804-9cca-8aafcab16d1f"
  Assets:CurrentAssets:AccountReceivable -3120.00 HKD
  type: "Invoice Payment"
  sourceId: "8cb171f3-95bc-4dcf-baa4-0a59e453a87f"
  referenceNo: "281"
  orderId: "d9e73d49-5d3f-4804-9cca-8aafcab16d1f"
  contact: "852 96045933 (MR.CHAN) [b98db160-cd23-4562-89de-8a6c29f54079]"
2023-11-05 * "Invoice #282 AA39299"
  Income:Sales:SalesItem:SellGoldJewelry -3469.00 HKD
  category: "Gold Jewelry"
  sku: "DDFF23051701000000000009"
  qty: 1
  referenceNo: "282"
  orderId: "054f7e61-c3c9-4bf8-98a0-a030626151a3"
  type: "Invoice Item"
  sourceId: "b70cdefc-f9b0-46ca-bfaa-d8495342af6b"
  Assets:CurrentAssets:AccountReceivable
  referenceNo: "282"
  orderId: "054f7e61-c3c9-4bf8-98a0-a030626151a3"
  type: "Invoice"
  sourceId: "054f7e61-c3c9-4bf8-98a0-a030626151a3"
  contact: "880 802 (Walkin) [42348712-7daa-4c29-93b7-756b472429a4]"
2023-11-05 * "Assets:CurrentAssets:Cash:CashInHand" "Invoice Payment for Invoice #282 #0b09784e-c1f1-47cb-b8fe-2f4dd744b451"
  Assets:CurrentAssets:Cash:CashInHand 3469.00 HKD
  type: "Invoice Payment"
  sourceId: "0b09784e-c1f1-47cb-b8fe-2f4dd744b451"
  referenceNo: "282"
  orderId: "054f7e61-c3c9-4bf8-98a0-a030626151a3"
  Assets:CurrentAssets:AccountReceivable -3469.00 HKD
  type: "Invoice Payment"
  sourceId: "0b09784e-c1f1-47cb-b8fe-2f4dd744b451"
  referenceNo: "282"
  orderId: "054f7e61-c3c9-4bf8-98a0-a030626151a3"
  contact: "880 802 (Walkin) [42348712-7daa-4c29-93b7-756b472429a4]"
2023-11-07 * "Bill #883 DKK 申請公司文件 (Cert of continuing registration)"
  referenceNo: "883"
  orderId: "c40955df-9b24-4641-9beb-3d5ec6ee65ba"
  type: "Bill"
  Expenses:GeneralExpense:LegalAndProfessionalFee 218.00 HKD
  qty: "1"
  description: "DKK 申請公司文件 (Cert of continuing registration)"
  referenceNo: "883"
  orderId: "c40955df-9b24-4641-9beb-3d5ec6ee65ba"
  type: "Bill Item"
  sourceId: "c0a53ecf-95bb-4324-9bd7-049e6416a6bd"
  Liabilities:CurrentLiabilities:AccountPayable
  referenceNo: "883"
  orderId: "c40955df-9b24-4641-9beb-3d5ec6ee65ba"
  type: "Bill"
  sourceId: "c40955df-9b24-4641-9beb-3d5ec6ee65ba"
  contact: "880 806 () [53b8789a-4451-4a1f-84f7-a9c5da7ada1a]"
2023-11-07 * "880 806 () [53b8789a-4451-4a1f-84f7-a9c5da7ada1a]" "Bill Payment for Bill #883 #3cc4f369-695b-4519-8a49-34510c8effd9"
  Liabilities:CurrentLiabilities:AccountPayable 218.00 HKD
  contact: "880 806 () [53b8789a-4451-4a1f-84f7-a9c5da7ada1a]"
  type: "Bill Payment"
  sourceId: "3cc4f369-695b-4519-8a49-34510c8effd9"
  referenceNo: "883"
  orderId: "c40955df-9b24-4641-9beb-3d5ec6ee65ba"
  Liabilities:CurrentLiabilities:CurrentAccount:C-a-MilrichElectronicsHkCoLtd -218.00 HKD
  type: "Bill Payment"
  sourceId: "3cc4f369-695b-4519-8a49-34510c8effd9"
  referenceNo: "883"
  orderId: "c40955df-9b24-4641-9beb-3d5ec6ee65ba"
2023-11-08 * "Invoice #283 STAFF SALE"
  Income:Sales:SalesItem:SellGoldJewelry -415.00 HKD
  category: "Gold Jewelry"
  sku: "DD2310200000000000000115"
  qty: 1
  referenceNo: "283"
  orderId: "00ef4a69-a887-438f-b4ed-ff263605a164"
  type: "Invoice Item"
  sourceId: "74fe9576-44e1-4637-a929-313c82ca198f"
  Income:Sales:SalesItem:Sell18kJewelry -27.00 HKD
  category: "Jewelry"
  sku: "HM000003"
  qty: 1
  referenceNo: "283"
  orderId: "00ef4a69-a887-438f-b4ed-ff263605a164"
  type: "Invoice Item"
  sourceId: "178ed691-4055-41ac-8dfe-5825b2b70936"
  Assets:CurrentAssets:AccountReceivable
  referenceNo: "283"
  orderId: "00ef4a69-a887-438f-b4ed-ff263605a164"
  type: "Invoice"
  sourceId: "00ef4a69-a887-438f-b4ed-ff263605a164"
  contact: "852 93236931 (ShirleyFung) [a623e460-7a17-4838-a741-0d4a3855aa15]"
2023-11-08 * "Bill #873 (淘寶)编织红绳472.55"
  referenceNo: "873"
  orderId: "5fddacac-7aca-4a22-b606-ad876d0eeb16"
  type: "Bill"
  Expenses:CostOfSales:Purchase:PurchaseItem:Buy18kJewelry 472.55 HKD
  category: "Jewelry"
  sku: "HM000003"
  qty: 18
  referenceNo: "873"
  orderId: "5fddacac-7aca-4a22-b606-ad876d0eeb16"
  type: "Bill Item"
  sourceId: "fc742560-a3b9-499d-9260-3264e34ec63b"
  Liabilities:CurrentLiabilities:AccountPayable
  referenceNo: "873"
  orderId: "5fddacac-7aca-4a22-b606-ad876d0eeb16"
  type: "Bill"
  sourceId: "5fddacac-7aca-4a22-b606-ad876d0eeb16"
  contact: "998 12345840 (淘寶(珠寶配件)) [b82a0444-864d-4fc7-a48e-452de771eae9]"
2023-11-08 * "Invoice #697 STAFF SALE"
  Income:Sales:SalesItem:SellGoldJewelry -520.00 HKD
  category: "Gold Jewelry"
  sku: "DD2310200000000000000105"
  qty: 1
  referenceNo: "697"
  orderId: "f90d9f21-98cc-4bde-9de7-9cc0566596ee"
  type: "Invoice Item"
  sourceId: "79795b7f-8052-4d6f-b357-021392493751"
  Income:Sales:SalesItem:SellGoldJewelry -690.00 HKD
  category: "Gold Jewelry"
  sku: "DDFF2305120A000000000042"
  qty: 1
  referenceNo: "697"
  orderId: "f90d9f21-98cc-4bde-9de7-9cc0566596ee"
  type: "Invoice Item"
  sourceId: "1d30b533-68e2-4479-99f5-e6bd164d16d9"
  Income:Sales:SalesItem:Sell18kJewelry -27.00 HKD
  category: "Jewelry"
  sku: "HM000003"
  qty: 1
  referenceNo: "697"
  orderId: "f90d9f21-98cc-4bde-9de7-9cc0566596ee"
  type: "Invoice Item"
  sourceId: "29f31c02-1c6d-4a5e-8e91-362d62a1519c"
  Income:Sales:SalesItem:Sell18kJewelry -27.00 HKD
  category: "Jewelry"
  sku: "HM000003"
  qty: 1
  referenceNo: "697"
  orderId: "f90d9f21-98cc-4bde-9de7-9cc0566596ee"
  type: "Invoice Item"
  sourceId: "a93f33e0-8f67-4780-bc58-529027db79f6"
  Assets:CurrentAssets:AccountReceivable
  referenceNo: "697"
  orderId: "f90d9f21-98cc-4bde-9de7-9cc0566596ee"
  type: "Invoice"
  sourceId: "f90d9f21-98cc-4bde-9de7-9cc0566596ee"
  contact: "998 12345751 (SALES#0003ELMA) [28639a2d-ee79-48b0-96d2-4f5df20780ae]"
2023-11-08 * "Assets:CurrentAssets:Cash:CashInHand" "Invoice Payment for Invoice #283 #45a61860-a00a-4b61-852c-3a3155d9ba40"
  Assets:CurrentAssets:Cash:CashInHand 442.00 HKD
  type: "Invoice Payment"
  sourceId: "45a61860-a00a-4b61-852c-3a3155d9ba40"
  referenceNo: "283"
  orderId: "00ef4a69-a887-438f-b4ed-ff263605a164"
  Assets:CurrentAssets:AccountReceivable -442.00 HKD
  type: "Invoice Payment"
  sourceId: "45a61860-a00a-4b61-852c-3a3155d9ba40"
  referenceNo: "283"
  orderId: "00ef4a69-a887-438f-b4ed-ff263605a164"
  contact: "852 93236931 (ShirleyFung) [a623e460-7a17-4838-a741-0d4a3855aa15]"
2023-11-09 * "Invoice #285 "
  Income:Sales:SalesItem:SellGoldJewelry -1300.00 HKD
  category: "Gold Jewelry"
  sku: "DD2310200000000000000104"
  qty: 1
  referenceNo: "285"
  orderId: "92cf47a8-a440-40eb-9a91-1d8f45920c4d"
  type: "Invoice Item"
  sourceId: "dda40a75-aa04-43b5-9efa-b8e7f5dbbb92"
  Income:Sales:SalesItem:Sell18kJewelry -0.00 HKD
  category: "Jewelry"
  sku: "HM000003"
  qty: 1
  referenceNo: "285"
  orderId: "92cf47a8-a440-40eb-9a91-1d8f45920c4d"
  type: "Invoice Item"
  sourceId: "1de8962a-cfa5-44cb-a39c-c6b049035503"
  Assets:CurrentAssets:AccountReceivable
  referenceNo: "285"
  orderId: "92cf47a8-a440-40eb-9a91-1d8f45920c4d"
  type: "Invoice"
  sourceId: "92cf47a8-a440-40eb-9a91-1d8f45920c4d"
  contact: "880 802 (Walkin) [42348712-7daa-4c29-93b7-756b472429a4]"
2023-11-09 * "Invoice #286 STAFF SALE"
  Income:Sales:SalesItem:SellGoldJewelry -1300.00 HKD
  category: "Gold Jewelry"
  sku: "DDFF23051202000000000007"
  qty: 1
  referenceNo: "286"
  orderId: "12c7037d-0f26-48f7-a988-a2a1a87df279"
  type: "Invoice Item"
  sourceId: "65102cfd-599a-4435-aff9-a4d37385d2b5"
  Income:Sales:SalesItem:Sell18kJewelry -30.00 HKD
  category: "Jewelry"
  sku: "HM000002"
  qty: 1
  referenceNo: "286"
  orderId: "12c7037d-0f26-48f7-a988-a2a1a87df279"
  type: "Invoice Item"
  sourceId: "67959c6d-3cd6-4987-84cb-5e046945c3d6"
  Assets:CurrentAssets:AccountReceivable
  referenceNo: "286"
  orderId: "12c7037d-0f26-48f7-a988-a2a1a87df279"
  type: "Invoice"
  sourceId: "12c7037d-0f26-48f7-a988-a2a1a87df279"
  contact: "998 12345751 (SALES#0003ELMA) [28639a2d-ee79-48b0-96d2-4f5df20780ae]"
2023-11-09 * "Assets:CurrentAssets:Bank:KpayBank" "Invoice Payment for Invoice #285 #96831594-6194-44ea-a7db-9166dd4ba20d"
  Assets:CurrentAssets:Bank:KpayBank 1300.00 HKD
  type: "Invoice Payment"
  sourceId: "96831594-6194-44ea-a7db-9166dd4ba20d"
  referenceNo: "285"
  orderId: "92cf47a8-a440-40eb-9a91-1d8f45920c4d"
  Assets:CurrentAssets:AccountReceivable -1300.00 HKD
  type: "Invoice Payment"
  sourceId: "96831594-6194-44ea-a7db-9166dd4ba20d"
  referenceNo: "285"
  orderId: "92cf47a8-a440-40eb-9a91-1d8f45920c4d"
  contact: "880 802 (Walkin) [42348712-7daa-4c29-93b7-756b472429a4]"
2023-11-09 * "Assets:CurrentAssets:Bank:BocSavingBank" "Invoice Payment for Invoice #697 #c1470dc6-16c9-46af-8938-8c24844ada99"
  Assets:CurrentAssets:Bank:BocSavingBank 1264.00 HKD
  type: "Invoice Payment"
  sourceId: "c1470dc6-16c9-46af-8938-8c24844ada99"
  referenceNo: "697"
  orderId: "f90d9f21-98cc-4bde-9de7-9cc0566596ee"
  Assets:CurrentAssets:AccountReceivable -1264.00 HKD
  type: "Invoice Payment"
  sourceId: "c1470dc6-16c9-46af-8938-8c24844ada99"
  referenceNo: "697"
  orderId: "f90d9f21-98cc-4bde-9de7-9cc0566596ee"
  contact: "998 12345751 (SALES#0003ELMA) [28639a2d-ee79-48b0-96d2-4f5df20780ae]"
2023-11-09 * "Assets:CurrentAssets:Bank:BocSavingBank" "Invoice Payment for Invoice #286 #f01f9c14-6970-4333-b2ae-f1a6d44d78b3"
  Assets:CurrentAssets:Bank:BocSavingBank 1330.00 HKD
  type: "Invoice Payment"
  sourceId: "f01f9c14-6970-4333-b2ae-f1a6d44d78b3"
  referenceNo: "286"
  orderId: "12c7037d-0f26-48f7-a988-a2a1a87df279"
  Assets:CurrentAssets:AccountReceivable -1330.00 HKD
  type: "Invoice Payment"
  sourceId: "f01f9c14-6970-4333-b2ae-f1a6d44d78b3"
  referenceNo: "286"
  orderId: "12c7037d-0f26-48f7-a988-a2a1a87df279"
  contact: "998 12345751 (SALES#0003ELMA) [28639a2d-ee79-48b0-96d2-4f5df20780ae]"
2023-11-10 * "Invoice #288 "
  Income:Sales:SalesItem:Sell18kJewelry -4212.00 HKD
  category: "Jewelry"
  sku: "DDFFFFFF0500000000000027"
  qty: 1
  referenceNo: "288"
  orderId: "4ccf1b7e-0cc9-48e2-b73e-a78bf6f6fd81"
  type: "Invoice Item"
  sourceId: "8eda1159-2aa4-4228-a60c-0f9dd39bb02d"
  Income:Sales:SalesItem:Sell18kJewelry -4230.00 HKD
  category: "Jewelry"
  sku: "DDFFFFFF0500000000000035"
  qty: 1
  referenceNo: "288"
  orderId: "4ccf1b7e-0cc9-48e2-b73e-a78bf6f6fd81"
  type: "Invoice Item"
  sourceId: "a0e570cd-f7e4-4d35-a08e-6015bd060fb5"
  Assets:CurrentAssets:AccountReceivable
  referenceNo: "288"
  orderId: "4ccf1b7e-0cc9-48e2-b73e-a78bf6f6fd81"
  type: "Invoice"
  sourceId: "4ccf1b7e-0cc9-48e2-b73e-a78bf6f6fd81"
  contact: "86 13566288607 (金小姐) [9c850d81-838c-4df8-8b52-312ffa10bc7a]"
2023-11-10 * "Invoice #699 AA39202"
  Income:Sales:SalesItem:SellGoldJewelry -3500.00 HKD
  category: "Gold Jewelry"
  sku: "DDFF23051704000000000033"
  qty: 1
  referenceNo: "699"
  orderId: "a9aef602-e431-4330-aea0-e27f302b0419"
  type: "Invoice Item"
  sourceId: "00986a77-f1f2-4b30-b9c2-5d1930702d97"
  Assets:CurrentAssets:AccountReceivable
  referenceNo: "699"
  orderId: "a9aef602-e431-4330-aea0-e27f302b0419"
  type: "Invoice"
  sourceId: "a9aef602-e431-4330-aea0-e27f302b0419"
  contact: "880 802 (Walkin) [42348712-7daa-4c29-93b7-756b472429a4]"
2023-11-10 * "Assets:CurrentAssets:Bank:KpayBank" "Invoice Payment for Invoice #288 #150b04df-ae92-4b2c-b63c-6d067dc43162"
  Assets:CurrentAssets:Bank:KpayBank 8442.00 HKD
  type: "Invoice Payment"
  sourceId: "150b04df-ae92-4b2c-b63c-6d067dc43162"
  referenceNo: "288"
  orderId: "4ccf1b7e-0cc9-48e2-b73e-a78bf6f6fd81"
  Assets:CurrentAssets:AccountReceivable -8442.00 HKD
  type: "Invoice Payment"
  sourceId: "150b04df-ae92-4b2c-b63c-6d067dc43162"
  referenceNo: "288"
  orderId: "4ccf1b7e-0cc9-48e2-b73e-a78bf6f6fd81"
  contact: "86 13566288607 (金小姐) [9c850d81-838c-4df8-8b52-312ffa10bc7a]"
2023-11-10 * "Assets:CurrentAssets:Bank:KpayBank" "Invoice Payment for Invoice #699 #67b6fd3e-0e0d-4022-9cbe-ccd1a6ba7386"
  Assets:CurrentAssets:Bank:KpayBank 3500.00 HKD
  type: "Invoice Payment"
  sourceId: "67b6fd3e-0e0d-4022-9cbe-ccd1a6ba7386"
  referenceNo: "699"
  orderId: "a9aef602-e431-4330-aea0-e27f302b0419"
  Assets:CurrentAssets:AccountReceivable -3500.00 HKD
  type: "Invoice Payment"
  sourceId: "67b6fd3e-0e0d-4022-9cbe-ccd1a6ba7386"
  referenceNo: "699"
  orderId: "a9aef602-e431-4330-aea0-e27f302b0419"
  contact: "880 802 (Walkin) [42348712-7daa-4c29-93b7-756b472429a4]"
2023-11-13 * "Invoice #290 STAFF SALE"
  Income:Sales:SalesItem:SellGoldJewelry -1850.00 HKD
  category: "Gold Jewelry"
  sku: "DD2310200000000000000033"
  qty: 1
  referenceNo: "290"
  orderId: "afa6d37c-a549-4845-8ba8-346008cfafbd"
  type: "Invoice Item"
  sourceId: "0eb5dc64-88a1-4180-8c8b-59f45906c9b8"
  Assets:CurrentAssets:AccountReceivable
  referenceNo: "290"
  orderId: "afa6d37c-a549-4845-8ba8-346008cfafbd"
  type: "Invoice"
  sourceId: "afa6d37c-a549-4845-8ba8-346008cfafbd"
  contact: "998 12345751 (SALES#0003ELMA) [28639a2d-ee79-48b0-96d2-4f5df20780ae]"
2023-11-13 * "Bill #876 EPS 23年10月手續費"
  referenceNo: "876"
  orderId: "44cc8f0b-9a84-4104-8411-ff8117f454e7"
  type: "Bill"
  Expenses:GeneralExpense:CardFeeExpense 410.00 HKD
  qty: "1"
  description: "EPS 23年10月手續費"
  referenceNo: "876"
  orderId: "44cc8f0b-9a84-4104-8411-ff8117f454e7"
  type: "Bill Item"
  sourceId: "942deeca-8331-479c-b9a3-382d136c3919"
  Liabilities:CurrentLiabilities:AccountPayable
  referenceNo: "876"
  orderId: "44cc8f0b-9a84-4104-8411-ff8117f454e7"
  type: "Bill"
  sourceId: "44cc8f0b-9a84-4104-8411-ff8117f454e7"
  contact: "880 806 () [53b8789a-4451-4a1f-84f7-a9c5da7ada1a]"
2023-11-13 * "880 806 () [53b8789a-4451-4a1f-84f7-a9c5da7ada1a]" "Bill Payment for Bill #876 #bf506478-b4c1-44a2-b508-10bed916a884"
  Liabilities:CurrentLiabilities:AccountPayable 410.00 HKD
  contact: "880 806 () [53b8789a-4451-4a1f-84f7-a9c5da7ada1a]"
  type: "Bill Payment"
  sourceId: "bf506478-b4c1-44a2-b508-10bed916a884"
  referenceNo: "876"
  orderId: "44cc8f0b-9a84-4104-8411-ff8117f454e7"
  Assets:CurrentAssets:Bank:BocSavingBank -410.00 HKD
  type: "Bill Payment"
  sourceId: "bf506478-b4c1-44a2-b508-10bed916a884"
  referenceNo: "876"
  orderId: "44cc8f0b-9a84-4104-8411-ff8117f454e7"
2023-11-13 * "Invoice #680 "
  Income:Sales:SalesItem:Sell18kJewelry -745.00 USDT
  category: "Jewelry"
  sku: "DDFFFFFF0700000000000031"
  qty: 1
  referenceNo: "680"
  orderId: "30366620-cd39-4f1e-b999-f86929ad87ff"
  type: "Invoice Item"
  sourceId: "81cb1cd0-b01c-4885-b483-13800b8f829e"
  Income:Sales:SalesItem:SellDiamond -34193.00 USDT
  category: "Natural Diamond"
  sku: "DDFFFFFF0800007453980083"
  qty: 1
  referenceNo: "680"
  orderId: "30366620-cd39-4f1e-b999-f86929ad87ff"
  type: "Invoice Item"
  sourceId: "2e455c0b-4473-4cf9-92fd-4d92fa1fc850"
  Income:Sales:SalesItem:Sell18kJewelry -3700.00 USDT
  category: "Jewelry"
  sku: "DDFF23111300000000000001"
  qty: 1
  referenceNo: "680"
  orderId: "30366620-cd39-4f1e-b999-f86929ad87ff"
  type: "Invoice Item"
  sourceId: "8ceb228c-02fe-4ba1-9f16-71fcea2afc60"
  Assets:CurrentAssets:AccountReceivable
  referenceNo: "680"
  orderId: "30366620-cd39-4f1e-b999-f86929ad87ff"
  type: "Invoice"
  sourceId: "30366620-cd39-4f1e-b999-f86929ad87ff"
  contact: "852 93288888 (施總) [e76a796e-7758-43a9-a851-0f765ce22fe7]"
2023-11-13 * "Liabilities:CurrentLiabilities:CurrentAccount:C-a-MilrichElectronicsHkCoLtd" "Invoice Payment for Invoice #680 #37a515e3-5d11-4ab4-b18f-67736e556a02"
  Liabilities:CurrentLiabilities:CurrentAccount:C-a-MilrichElectronicsHkCoLtd 38638.00 USDT
  type: "Invoice Payment"
  sourceId: "37a515e3-5d11-4ab4-b18f-67736e556a02"
  referenceNo: "680"
  orderId: "30366620-cd39-4f1e-b999-f86929ad87ff"
  Assets:CurrentAssets:AccountReceivable -38638.00 USDT
  type: "Invoice Payment"
  sourceId: "37a515e3-5d11-4ab4-b18f-67736e556a02"
  referenceNo: "680"
  orderId: "30366620-cd39-4f1e-b999-f86929ad87ff"
  contact: "852 93288888 (施總) [e76a796e-7758-43a9-a851-0f765ce22fe7]"
2023-11-13 * "Bill #875 INV#464 鑲石, NO.01576"
  referenceNo: "875"
  orderId: "7cb6d62c-0e19-4365-988c-bf793dbe3a12"
  type: "Bill"
  Expenses:CostOfSales:Purchase:PurchaseItem:Buy18kJewelry 2800.00 HKD
  category: "Jewelry"
  sku: "DDFF23111300000000000001"
  qty: 1
  referenceNo: "875"
  orderId: "7cb6d62c-0e19-4365-988c-bf793dbe3a12"
  type: "Bill Item"
  sourceId: "4b82948f-749d-40ff-aaaf-075956ddac2f"
  Liabilities:CurrentLiabilities:AccountPayable
  referenceNo: "875"
  orderId: "7cb6d62c-0e19-4365-988c-bf793dbe3a12"
  type: "Bill"
  sourceId: "7cb6d62c-0e19-4365-988c-bf793dbe3a12"
  contact: "852 96221974 (強哥首飾加工師傅) [cef6a8eb-0892-4a7c-bfdc-328752af4fd5]"
2023-11-13 * "852 96221974 (強哥首飾加工師傅) [cef6a8eb-0892-4a7c-bfdc-328752af4fd5]" "Bill Payment for Bill #875 #79c120f4-fc07-4914-b212-d3fe02da3039"
  Liabilities:CurrentLiabilities:AccountPayable 2800.00 HKD
  contact: "852 96221974 (強哥首飾加工師傅) [cef6a8eb-0892-4a7c-bfdc-328752af4fd5]"
  type: "Bill Payment"
  sourceId: "79c120f4-fc07-4914-b212-d3fe02da3039"
  referenceNo: "875"
  orderId: "7cb6d62c-0e19-4365-988c-bf793dbe3a12"
  Assets:CurrentAssets:Cash:CashInHand -2800.00 HKD
  type: "Bill Payment"
  sourceId: "79c120f4-fc07-4914-b212-d3fe02da3039"
  referenceNo: "875"
  orderId: "7cb6d62c-0e19-4365-988c-bf793dbe3a12"
2023-11-13 * "Invoice #294 "
  Income:Sales:SalesItem:SellGoldJewelry -3429.00 HKD
  category: "Gold Jewelry"
  sku: "DDFF23051202000000000008"
  qty: 1
  referenceNo: "294"
  orderId: "37afb02c-1ae8-4286-8c72-6e844ef3a1ed"
  type: "Invoice Item"
  sourceId: "3c8143a2-e52b-47ba-b05b-829d46875e8a"
  Income:Sales:SalesItem:SellGoldJewelry -2019.00 HKD
  category: "Gold Jewelry"
  sku: "DDFF23051707000000000012"
  qty: 1
  referenceNo: "294"
  orderId: "37afb02c-1ae8-4286-8c72-6e844ef3a1ed"
  type: "Invoice Item"
  sourceId: "39b88d07-6125-4714-9337-612ffac7d941"
  Assets:CurrentAssets:AccountReceivable
  referenceNo: "294"
  orderId: "37afb02c-1ae8-4286-8c72-6e844ef3a1ed"
  type: "Invoice"
  sourceId: "37afb02c-1ae8-4286-8c72-6e844ef3a1ed"
  contact: "880 802 (Walkin) [42348712-7daa-4c29-93b7-756b472429a4]"
2023-11-13 * "Invoice #293 AA39204"
  Income:Sales:SalesItem:SellGoldJewelry -460.00 HKD
  category: "Gold Jewelry"
  sku: "DDFF2305170A000000000032"
  qty: 1
  referenceNo: "293"
  orderId: "093b773a-caed-4408-9cfd-7196b8bee589"
  type: "Invoice Item"
  sourceId: "2cc14a33-791c-495c-93f9-bf801c277acd"
  Assets:CurrentAssets:AccountReceivable
  referenceNo: "293"
  orderId: "093b773a-caed-4408-9cfd-7196b8bee589"
  type: "Invoice"
  sourceId: "093b773a-caed-4408-9cfd-7196b8bee589"
  contact: "880 802 (Walkin) [42348712-7daa-4c29-93b7-756b472429a4]"
2023-11-14 * "Bill #877 kpay102"
  referenceNo: "877"
  orderId: "86a5b19b-c3fb-44b5-864e-9ccbf067dee6"
  type: "Bill"
  Expenses:GeneralExpense:CardFeeExpense 16.60 HKD
  qty: "1"
  description: "1300-1283.4 = 16.6"
  referenceNo: "877"
  orderId: "86a5b19b-c3fb-44b5-864e-9ccbf067dee6"
  type: "Bill Item"
  sourceId: "1159d100-3885-4f06-8cb6-d3fb213ebcf4"
  Liabilities:CurrentLiabilities:AccountPayable
  referenceNo: "877"
  orderId: "86a5b19b-c3fb-44b5-864e-9ccbf067dee6"
  type: "Bill"
  sourceId: "86a5b19b-c3fb-44b5-864e-9ccbf067dee6"
  contact: "998 12345821 (KPAY) [5a706f32-7edc-48d8-ae47-62fee1e8bba1]"
2023-11-14 * "Bill #884 INV#473, NO.01577"
  referenceNo: "884"
  orderId: "e907fe4a-bf1e-4968-a6a7-9e02be877584"
  type: "Bill"
  Expenses:CostOfSales:Purchase:PurchaseItem:Buy18kJewelry 220.00 HKD
  category: "Jewelry"
  sku: "DDFF23111805000000000001"
  qty: 1
  referenceNo: "884"
  orderId: "e907fe4a-bf1e-4968-a6a7-9e02be877584"
  type: "Bill Item"
  sourceId: "323182ba-5ed8-4522-afba-c92990496d95"
  Liabilities:CurrentLiabilities:AccountPayable
  referenceNo: "884"
  orderId: "e907fe4a-bf1e-4968-a6a7-9e02be877584"
  type: "Bill"
  sourceId: "e907fe4a-bf1e-4968-a6a7-9e02be877584"
  contact: "852 96221974 (強哥首飾加工師傅) [cef6a8eb-0892-4a7c-bfdc-328752af4fd5]"
2023-11-14 * "998 12345821 (KPAY) [5a706f32-7edc-48d8-ae47-62fee1e8bba1]" "Bill Payment for Bill #877 #c64a820b-0912-4117-a34e-47524e920fe3"
  Liabilities:CurrentLiabilities:AccountPayable 16.60 HKD
  contact: "998 12345821 (KPAY) [5a706f32-7edc-48d8-ae47-62fee1e8bba1]"
  type: "Bill Payment"
  sourceId: "c64a820b-0912-4117-a34e-47524e920fe3"
  referenceNo: "877"
  orderId: "86a5b19b-c3fb-44b5-864e-9ccbf067dee6"
  Assets:CurrentAssets:Bank:KpayBank -16.60 HKD
  type: "Bill Payment"
  sourceId: "c64a820b-0912-4117-a34e-47524e920fe3"
  referenceNo: "877"
  orderId: "86a5b19b-c3fb-44b5-864e-9ccbf067dee6"
2023-11-14 * "Assets:CurrentAssets:Bank:KpayBank" "Invoice Payment for Invoice #293 #87ef5726-ae89-4a3d-8ea0-0ab710fbf2f1"
  Assets:CurrentAssets:Bank:KpayBank 460.00 HKD
  type: "Invoice Payment"
  sourceId: "87ef5726-ae89-4a3d-8ea0-0ab710fbf2f1"
  referenceNo: "293"
  orderId: "093b773a-caed-4408-9cfd-7196b8bee589"
  Assets:CurrentAssets:AccountReceivable -460.00 HKD
  type: "Invoice Payment"
  sourceId: "87ef5726-ae89-4a3d-8ea0-0ab710fbf2f1"
  referenceNo: "293"
  orderId: "093b773a-caed-4408-9cfd-7196b8bee589"
  contact: "880 802 (Walkin) [42348712-7daa-4c29-93b7-756b472429a4]"
2023-11-14 * "Assets:CurrentAssets:Bank:KpayBank" "Invoice Payment for Invoice #294 #4404bb9b-9576-4d1a-a07b-f8e75d13c876"
  Assets:CurrentAssets:Bank:KpayBank 5448.00 HKD
  type: "Invoice Payment"
  sourceId: "4404bb9b-9576-4d1a-a07b-f8e75d13c876"
  referenceNo: "294"
  orderId: "37afb02c-1ae8-4286-8c72-6e844ef3a1ed"
  Assets:CurrentAssets:AccountReceivable -5448.00 HKD
  type: "Invoice Payment"
  sourceId: "4404bb9b-9576-4d1a-a07b-f8e75d13c876"
  referenceNo: "294"
  orderId: "37afb02c-1ae8-4286-8c72-6e844ef3a1ed"
  contact: "880 802 (Walkin) [42348712-7daa-4c29-93b7-756b472429a4]"
2023-11-15 * "Bill #878 kpay103"
  referenceNo: "878"
  orderId: "b639969f-3331-45d9-88de-e704a2362ff2"
  type: "Bill"
  Expenses:GeneralExpense:CardFeeExpense 144.30 HKD
  qty: "1"
  description: "11942 - 11797.7 = 144.3"
  referenceNo: "878"
  orderId: "b639969f-3331-45d9-88de-e704a2362ff2"
  type: "Bill Item"
  sourceId: "f4a49843-fd0c-4e7d-9023-1741008d39f8"
  Liabilities:CurrentLiabilities:AccountPayable
  referenceNo: "878"
  orderId: "b639969f-3331-45d9-88de-e704a2362ff2"
  type: "Bill"
  sourceId: "b639969f-3331-45d9-88de-e704a2362ff2"
  contact: "998 12345821 (KPAY) [5a706f32-7edc-48d8-ae47-62fee1e8bba1]"
2023-11-15 * "998 12345821 (KPAY) [5a706f32-7edc-48d8-ae47-62fee1e8bba1]" "Bill Payment for Bill #878 #ad93eee5-3718-4e37-9db9-bfebac14d35a"
  Liabilities:CurrentLiabilities:AccountPayable 144.30 HKD
  contact: "998 12345821 (KPAY) [5a706f32-7edc-48d8-ae47-62fee1e8bba1]"
  type: "Bill Payment"
  sourceId: "ad93eee5-3718-4e37-9db9-bfebac14d35a"
  referenceNo: "878"
  orderId: "b639969f-3331-45d9-88de-e704a2362ff2"
  Assets:CurrentAssets:Bank:KpayBank -144.30 HKD
  type: "Bill Payment"
  sourceId: "ad93eee5-3718-4e37-9db9-bfebac14d35a"
  referenceNo: "878"
  orderId: "b639969f-3331-45d9-88de-e704a2362ff2"
2023-11-16 * "Assets:CurrentAssets:Bank:BocSavingBank" "Invoice Payment for Invoice #290 #d6446ac7-9fc0-4229-bce9-9eedaf125a1a"
  Assets:CurrentAssets:Bank:BocSavingBank 1850.00 HKD
  type: "Invoice Payment"
  sourceId: "d6446ac7-9fc0-4229-bce9-9eedaf125a1a"
  referenceNo: "290"
  orderId: "afa6d37c-a549-4845-8ba8-346008cfafbd"
  Assets:CurrentAssets:AccountReceivable -1850.00 HKD
  type: "Invoice Payment"
  sourceId: "d6446ac7-9fc0-4229-bce9-9eedaf125a1a"
  referenceNo: "290"
  orderId: "afa6d37c-a549-4845-8ba8-346008cfafbd"
  contact: "998 12345751 (SALES#0003ELMA) [28639a2d-ee79-48b0-96d2-4f5df20780ae]"
2023-11-16 * "Invoice #296 AA39203"
  Income:Sales:SalesItem:SellGoldJewelry -13150.00 HKD
  category: "Gold Jewelry"
  sku: "DDFF23051702000000000011"
  qty: 1
  referenceNo: "296"
  orderId: "c1ee2922-4f00-4a99-b7d3-f079a82c998a"
  type: "Invoice Item"
  sourceId: "b77c7b6a-e2ee-41c5-b5d9-02ce33f7649e"
  Income:Sales:SalesItem:SellGoldJewelry -37350.00 HKD
  category: "Gold Jewelry"
  sku: "DDFF23051203000000000010"
  qty: 1
  referenceNo: "296"
  orderId: "c1ee2922-4f00-4a99-b7d3-f079a82c998a"
  type: "Invoice Item"
  sourceId: "aede8b84-4f5e-4a98-adc7-ee8cff8f34d8"
  Assets:CurrentAssets:AccountReceivable
  referenceNo: "296"
  orderId: "c1ee2922-4f00-4a99-b7d3-f079a82c998a"
  type: "Invoice"
  sourceId: "c1ee2922-4f00-4a99-b7d3-f079a82c998a"
  contact: "880 802 (Walkin) [42348712-7daa-4c29-93b7-756b472429a4]"
2023-11-16 * "Invoice #297 AA39300"
  Income:Sales:SalesItem:SellGoldJewelry -2550.00 HKD
  category: "Gold Jewelry"
  sku: "DDFF23051203000000000006"
  qty: 1
  referenceNo: "297"
  orderId: "f55ff497-da81-4d41-ba8d-461e2c99e301"
  type: "Invoice Item"
  sourceId: "70351efa-eedf-47fe-bcf1-ebfe48cfdf0b"
  Income:Sales:SalesItem:SellGoldJewelry -2350.00 HKD
  category: "Gold Jewelry"
  sku: "DDFF23051203000000000007"
  qty: 1
  referenceNo: "297"
  orderId: "f55ff497-da81-4d41-ba8d-461e2c99e301"
  type: "Invoice Item"
  sourceId: "17e51922-8017-4d8a-830b-41b6600bf9d4"
  Assets:CurrentAssets:AccountReceivable
  referenceNo: "297"
  orderId: "f55ff497-da81-4d41-ba8d-461e2c99e301"
  type: "Invoice"
  sourceId: "f55ff497-da81-4d41-ba8d-461e2c99e301"
  contact: "880 802 (Walkin) [42348712-7daa-4c29-93b7-756b472429a4]"
2023-11-17 * "Bill #889 kpay104"
  referenceNo: "889"
  orderId: "cd362917-4cb1-42aa-9422-71efd7d11eac"
  type: "Bill"
  Expenses:GeneralExpense:CardFeeExpense 88.24 HKD
  qty: "1"
  description: "5908 - 5819.76 = 88.24"
  referenceNo: "889"
  orderId: "cd362917-4cb1-42aa-9422-71efd7d11eac"
  type: "Bill Item"
  sourceId: "955d4ede-7a09-4b58-aae1-3789645d5b81"
  Liabilities:CurrentLiabilities:AccountPayable
  referenceNo: "889"
  orderId: "cd362917-4cb1-42aa-9422-71efd7d11eac"
  type: "Bill"
  sourceId: "cd362917-4cb1-42aa-9422-71efd7d11eac"
  contact: "998 12345821 (KPAY) [5a706f32-7edc-48d8-ae47-62fee1e8bba1]"
2023-11-17 * "998 12345821 (KPAY) [5a706f32-7edc-48d8-ae47-62fee1e8bba1]" "Bill Payment for Bill #889 #c972d3c7-63c4-40f6-bd10-4174fc6185bb"
  Liabilities:CurrentLiabilities:AccountPayable 88.24 HKD
  contact: "998 12345821 (KPAY) [5a706f32-7edc-48d8-ae47-62fee1e8bba1]"
  type: "Bill Payment"
  sourceId: "c972d3c7-63c4-40f6-bd10-4174fc6185bb"
  referenceNo: "889"
  orderId: "cd362917-4cb1-42aa-9422-71efd7d11eac"
  Assets:CurrentAssets:Bank:KpayBank -88.24 HKD
  type: "Bill Payment"
  sourceId: "c972d3c7-63c4-40f6-bd10-4174fc6185bb"
  referenceNo: "889"
  orderId: "cd362917-4cb1-42aa-9422-71efd7d11eac"
2023-11-17 * "Assets:CurrentAssets:Bank:KpayBank" "Invoice Payment for Invoice #296 #33feadbb-b457-4106-b6b0-ae07079600a3"
  Assets:CurrentAssets:Bank:KpayBank 50500.00 HKD
  type: "Invoice Payment"
  sourceId: "33feadbb-b457-4106-b6b0-ae07079600a3"
  referenceNo: "296"
  orderId: "c1ee2922-4f00-4a99-b7d3-f079a82c998a"
  Assets:CurrentAssets:AccountReceivable -50500.00 HKD
  type: "Invoice Payment"
  sourceId: "33feadbb-b457-4106-b6b0-ae07079600a3"
  referenceNo: "296"
  orderId: "c1ee2922-4f00-4a99-b7d3-f079a82c998a"
  contact: "880 802 (Walkin) [42348712-7daa-4c29-93b7-756b472429a4]"
2023-11-18 * "Assets:CurrentAssets:Wallet:DkkCWallet金料" "Invoice Payment for Invoice #298 #ab8b626f-4d45-4b43-ba38-fa9c45702705"
  Assets:CurrentAssets:Wallet:DkkCWallet金料 45.00 USDT
  type: "Invoice Payment"
  sourceId: "ab8b626f-4d45-4b43-ba38-fa9c45702705"
  referenceNo: "298"
  orderId: "f46b8db2-bfc3-440e-8d0a-dfe6aa0c3e61"
  Assets:CurrentAssets:AccountReceivable -45.00 USDT
  type: "Invoice Payment"
  sourceId: "ab8b626f-4d45-4b43-ba38-fa9c45702705"
  referenceNo: "298"
  orderId: "f46b8db2-bfc3-440e-8d0a-dfe6aa0c3e61"
  contact: "852 93288888 (施總) [e76a796e-7758-43a9-a851-0f765ce22fe7]"
2023-11-18 * "Invoice #298 "
  Income:Sales:SalesItem:Sell18kJewelry -45.00 USDT
  category: "Jewelry"
  sku: "DDFF23111805000000000001"
  qty: 1
  referenceNo: "298"
  orderId: "f46b8db2-bfc3-440e-8d0a-dfe6aa0c3e61"
  type: "Invoice Item"
  sourceId: "2e55e518-38ac-4e14-9fe3-4d6fc750428e"
  Assets:CurrentAssets:AccountReceivable
  referenceNo: "298"
  orderId: "f46b8db2-bfc3-440e-8d0a-dfe6aa0c3e61"
  type: "Invoice"
  sourceId: "f46b8db2-bfc3-440e-8d0a-dfe6aa0c3e61"
  contact: "852 93288888 (施總) [e76a796e-7758-43a9-a851-0f765ce22fe7]"
2023-11-18 * "Assets:CurrentAssets:Cash:CashInHand" "Invoice Payment for Invoice #297 #84e7bb03-c8f3-47d1-9d78-0575a42e25de"
  Assets:CurrentAssets:Cash:CashInHand 4900.00 HKD
  type: "Invoice Payment"
  sourceId: "84e7bb03-c8f3-47d1-9d78-0575a42e25de"
  referenceNo: "297"
  orderId: "f55ff497-da81-4d41-ba8d-461e2c99e301"
  Assets:CurrentAssets:AccountReceivable -4900.00 HKD
  type: "Invoice Payment"
  sourceId: "84e7bb03-c8f3-47d1-9d78-0575a42e25de"
  referenceNo: "297"
  orderId: "f55ff497-da81-4d41-ba8d-461e2c99e301"
  contact: "880 802 (Walkin) [42348712-7daa-4c29-93b7-756b472429a4]"
2023-11-18 * "852 96221974 (強哥首飾加工師傅) [cef6a8eb-0892-4a7c-bfdc-328752af4fd5]" "Bill Payment for Bill #884 #84504ce3-8b5a-477e-8e8c-6a4b46a163ff"
  Liabilities:CurrentLiabilities:AccountPayable 220.00 HKD
  contact: "852 96221974 (強哥首飾加工師傅) [cef6a8eb-0892-4a7c-bfdc-328752af4fd5]"
  type: "Bill Payment"
  sourceId: "84504ce3-8b5a-477e-8e8c-6a4b46a163ff"
  referenceNo: "884"
  orderId: "e907fe4a-bf1e-4968-a6a7-9e02be877584"
  Assets:CurrentAssets:Cash:CashInHand -220.00 HKD
  type: "Bill Payment"
  sourceId: "84504ce3-8b5a-477e-8e8c-6a4b46a163ff"
  referenceNo: "884"
  orderId: "e907fe4a-bf1e-4968-a6a7-9e02be877584"
2023-11-18 * "Invoice #299 STAFF SALE"
  Income:Sales:SalesItem:SellGoldJewelry -3623.00 HKD
  category: "Gold Jewelry"
  sku: "DDFF23051205000000000019"
  qty: 1
  referenceNo: "299"
  orderId: "7ce6b18e-f471-4676-8c9b-26f52ae05dc6"
  type: "Invoice Item"
  sourceId: "59ff295e-4cd7-4b3b-8f2e-d463d10329e8"
  Assets:CurrentAssets:AccountReceivable
  referenceNo: "299"
  orderId: "7ce6b18e-f471-4676-8c9b-26f52ae05dc6"
  type: "Invoice"
  sourceId: "7ce6b18e-f471-4676-8c9b-26f52ae05dc6"
  contact: "852 62108162 ((MW)MR.HUISHEUNGNENGRONNY能) [1f7cb182-c80f-4dec-afb1-ee52cdeb19f3]"
2023-11-18 * "Assets:CurrentAssets:Bank:BocSavingBank" "Invoice Payment for Invoice #299 #c9f6695e-e009-43e9-a5cd-00e5761f9f77"
  Assets:CurrentAssets:Bank:BocSavingBank 3623.00 HKD
  type: "Invoice Payment"
  sourceId: "c9f6695e-e009-43e9-a5cd-00e5761f9f77"
  referenceNo: "299"
  orderId: "7ce6b18e-f471-4676-8c9b-26f52ae05dc6"
  Assets:CurrentAssets:AccountReceivable -3623.00 HKD
  type: "Invoice Payment"
  sourceId: "c9f6695e-e009-43e9-a5cd-00e5761f9f77"
  referenceNo: "299"
  orderId: "7ce6b18e-f471-4676-8c9b-26f52ae05dc6"
  contact: "852 62108162 ((MW)MR.HUISHEUNGNENGRONNY能) [1f7cb182-c80f-4dec-afb1-ee52cdeb19f3]"
2023-11-20 * "Bill #906 淘寶雜類 (23年11月) (paid by visa)"
  referenceNo: "906"
  orderId: "79afba5d-bb71-4297-928b-227011cb3faf"
  type: "Bill"
  Expenses:GeneralExpense:GeneralExpensesDirect 222.44 HKD
  qty: "1"
  description: "集運"
  referenceNo: "906"
  orderId: "79afba5d-bb71-4297-928b-227011cb3faf"
  type: "Bill Item"
  sourceId: "0f19dafe-2329-490f-85bb-5bc10e4a4f33"
  Expenses:GeneralExpense:GeneralExpensesDirect 72.27 HKD
  qty: "1"
  description: "集運"
  referenceNo: "906"
  orderId: "79afba5d-bb71-4297-928b-227011cb3faf"
  type: "Bill Item"
  sourceId: "8a53e6dd-52fd-4190-992e-e03f8c06fe2b"
  Expenses:GeneralExpense:GeneralExpensesDirect 0.00 HKD
  qty: "0"
  description: "手绳 (refer to Bill#873 $472.55)"
  referenceNo: "906"
  orderId: "79afba5d-bb71-4297-928b-227011cb3faf"
  type: "Bill Item"
  sourceId: "58e7b516-c332-416a-a20d-f38ca3e924c6"
  Expenses:GeneralExpense:GeneralExpensesDirect 218.98 HKD
  qty: "1"
  description: "繁體字二三聯invoice"
  referenceNo: "906"
  orderId: "79afba5d-bb71-4297-928b-227011cb3faf"
  type: "Bill Item"
  sourceId: "08ee4cb2-40bb-4c3b-b0d2-831cee95cab2"
  Expenses:GeneralExpense:GeneralExpensesDirect 87.12 HKD
  qty: "1"
  description: "激光打印纸A5电子增票二等分"
  referenceNo: "906"
  orderId: "79afba5d-bb71-4297-928b-227011cb3faf"
  type: "Bill Item"
  sourceId: "297a93c8-3685-4bf5-aa54-6f9180def5e9"
  Expenses:GeneralExpense:GeneralExpensesDirect 87.14 HKD
  qty: "1"
  description: "金属LOGO分离贴"
  referenceNo: "906"
  orderId: "79afba5d-bb71-4297-928b-227011cb3faf"
  type: "Bill Item"
  sourceId: "c00c5d4e-ef14-4701-871b-717f8602aa94"
  Expenses:GeneralExpense:GeneralExpensesDirect 169.94 HKD
  qty: "1"
  description: "咭片"
  referenceNo: "906"
  orderId: "79afba5d-bb71-4297-928b-227011cb3faf"
  type: "Bill Item"
  sourceId: "fc6ff231-0a1d-4251-bfbb-e2e19fa20ca5"
  Expenses:GeneralExpense:GeneralExpensesDirect 48.98 HKD
  qty: "1"
  description: "集運"
  referenceNo: "906"
  orderId: "79afba5d-bb71-4297-928b-227011cb3faf"
  type: "Bill Item"
  sourceId: "e982e650-21fb-4d84-8a66-bbd706165f49"
  Expenses:GeneralExpense:GeneralExpensesDirect 73.88 HKD
  qty: "1"
  description: "收纳瓶高级玻璃瓶"
  referenceNo: "906"
  orderId: "79afba5d-bb71-4297-928b-227011cb3faf"
  type: "Bill Item"
  sourceId: "b15c8fd5-2da8-4d32-8b57-16fc1ff391cb"
  Expenses:GeneralExpense:GeneralExpensesDirect 90.21 HKD
  qty: "1"
  description: "印章"
  referenceNo: "906"
  orderId: "79afba5d-bb71-4297-928b-227011cb3faf"
  type: "Bill Item"
  sourceId: "90855de4-fdf2-46ab-8d79-61ac0c47a588"
  Expenses:GeneralExpense:GeneralExpensesDirect 190.83 HKD
  qty: "1"
  description: "咖啡杯 "
  referenceNo: "906"
  orderId: "79afba5d-bb71-4297-928b-227011cb3faf"
  type: "Bill Item"
  sourceId: "d6e26fd6-4a3d-4cdc-ab6f-2a95da5f9225"
  Expenses:GeneralExpense:GeneralExpensesDirect 164.02 HKD
  qty: "1"
  description: "小米空气净化器滤芯"
  referenceNo: "906"
  orderId: "79afba5d-bb71-4297-928b-227011cb3faf"
  type: "Bill Item"
  sourceId: "abd1c233-f760-4d81-b765-8748b9326f9a"
  Expenses:GeneralExpense:GeneralExpensesDirect 43.90 HKD
  qty: "1"
  description: "气净化器一次性前置过滤网棉"
  referenceNo: "906"
  orderId: "79afba5d-bb71-4297-928b-227011cb3faf"
  type: "Bill Item"
  sourceId: "e1daeaf2-1488-417c-9319-e206eb4bb35e"
  Expenses:GeneralExpense:GeneralExpensesDirect 87.59 HKD
  qty: "1"
  description: "集運"
  referenceNo: "906"
  orderId: "79afba5d-bb71-4297-928b-227011cb3faf"
  type: "Bill Item"
  sourceId: "21aec1d3-2517-4b4d-8a5d-0ea76bce5f09"
  Expenses:GeneralExpense:GeneralExpensesDirect 60.35 HKD
  qty: "1"
  description: "多功能螺丝刀组合"
  referenceNo: "906"
  orderId: "79afba5d-bb71-4297-928b-227011cb3faf"
  type: "Bill Item"
  sourceId: "ac744d65-99a5-4da4-9009-4d53a091b001"
  Expenses:GeneralExpense:GeneralExpensesDirect 33.70 HKD
  qty: "1"
  description: "集運"
  referenceNo: "906"
  orderId: "79afba5d-bb71-4297-928b-227011cb3faf"
  type: "Bill Item"
  sourceId: "c9312d37-ec77-4d60-92ff-40bdb20b6fae"
  Expenses:GeneralExpense:GeneralExpensesDirect 42.61 HKD
  qty: "1"
  description: "玻璃瓶子"
  referenceNo: "906"
  orderId: "79afba5d-bb71-4297-928b-227011cb3faf"
  type: "Bill Item"
  sourceId: "e56db825-2b5d-43aa-82c7-19f16d0d43bd"
  Expenses:GeneralExpense:GeneralExpensesDirect 201.29 HKD
  qty: "1"
  description: "剪金用品"
  referenceNo: "906"
  orderId: "79afba5d-bb71-4297-928b-227011cb3faf"
  type: "Bill Item"
  sourceId: "a8e4709c-f6ac-4d3a-bf7d-a6dda10154c0"
  Expenses:GeneralExpense:GeneralExpensesDirect 418.41 HKD
  qty: "1"
  description: "珠宝手套"
  referenceNo: "906"
  orderId: "79afba5d-bb71-4297-928b-227011cb3faf"
  type: "Bill Item"
  sourceId: "b53733db-c86f-4854-830d-857ece16fbcf"
  Expenses:GeneralExpense:GeneralExpensesDirect 25.94 HKD
  qty: "1"
  description: "集運"
  referenceNo: "906"
  orderId: "79afba5d-bb71-4297-928b-227011cb3faf"
  type: "Bill Item"
  sourceId: "a645436c-356c-4ed0-8245-dfded91f5577"
  Expenses:GeneralExpense:GeneralExpensesDirect 142.53 HKD
  qty: "1"
  description: "广告展示架"
  referenceNo: "906"
  orderId: "79afba5d-bb71-4297-928b-227011cb3faf"
  type: "Bill Item"
  sourceId: "98b8f4be-865c-440a-a97e-63166b4bb839"
  Liabilities:CurrentLiabilities:AccountPayable
  referenceNo: "906"
  orderId: "79afba5d-bb71-4297-928b-227011cb3faf"
  type: "Bill"
  sourceId: "79afba5d-bb71-4297-928b-227011cb3faf"
  contact: "880 806 () [53b8789a-4451-4a1f-84f7-a9c5da7ada1a]"
2023-11-20 * "Bill #887 G17電費(2023-11月)"
  referenceNo: "887"
  orderId: "2e7869c2-4638-4edc-81c6-081b13798a9d"
  type: "Bill"
  Expenses:GeneralExpense:ElectricityLightHeating 1670.00 HKD
  qty: "1"
  description: "G17電費(2023-11月)"
  referenceNo: "887"
  orderId: "2e7869c2-4638-4edc-81c6-081b13798a9d"
  type: "Bill Item"
  sourceId: "70f32ec4-8f40-4475-aef6-22fdc2f89de5"
  Liabilities:CurrentLiabilities:AccountPayable
  referenceNo: "887"
  orderId: "2e7869c2-4638-4edc-81c6-081b13798a9d"
  type: "Bill"
  sourceId: "2e7869c2-4638-4edc-81c6-081b13798a9d"
  contact: "880 806 () [53b8789a-4451-4a1f-84f7-a9c5da7ada1a]"
2023-11-20 * "880 806 () [53b8789a-4451-4a1f-84f7-a9c5da7ada1a]" "Bill Payment for Bill #887 #11fb074e-8fd3-47bb-b088-d8d11e96f66b"
  Liabilities:CurrentLiabilities:AccountPayable 1670.00 HKD
  contact: "880 806 () [53b8789a-4451-4a1f-84f7-a9c5da7ada1a]"
  type: "Bill Payment"
  sourceId: "11fb074e-8fd3-47bb-b088-d8d11e96f66b"
  referenceNo: "887"
  orderId: "2e7869c2-4638-4edc-81c6-081b13798a9d"
  Liabilities:CurrentLiabilities:CurrentAccount:C-a-MilrichElectronicsHkCoLtd -1670.00 HKD
  type: "Bill Payment"
  sourceId: "11fb074e-8fd3-47bb-b088-d8d11e96f66b"
  referenceNo: "887"
  orderId: "2e7869c2-4638-4edc-81c6-081b13798a9d"
2023-11-20 * "998 12345840 (淘寶(珠寶配件)) [b82a0444-864d-4fc7-a48e-452de771eae9]" "Bill Payment for Bill #1261 #bd1baa87-6d05-4aaf-bbc4-8dd922e0eb59"
  Liabilities:CurrentLiabilities:AccountPayable 379.47 HKD
  contact: "998 12345840 (淘寶(珠寶配件)) [b82a0444-864d-4fc7-a48e-452de771eae9]"
  type: "Bill Payment"
  sourceId: "bd1baa87-6d05-4aaf-bbc4-8dd922e0eb59"
  referenceNo: "1261"
  orderId: "d0232c4b-f3a9-45d3-aa49-611fcf0acc8d"
  Assets:CurrentAssets:Bank:BocVisaCard-DavidBank -379.47 HKD
  type: "Bill Payment"
  sourceId: "bd1baa87-6d05-4aaf-bbc4-8dd922e0eb59"
  referenceNo: "1261"
  orderId: "d0232c4b-f3a9-45d3-aa49-611fcf0acc8d"
2023-11-20 * "998 12345840 (淘寶(珠寶配件)) [b82a0444-864d-4fc7-a48e-452de771eae9]" "Bill Payment for Bill #885 #661ca28e-1ccb-4c81-9ae5-9b669cf11253"
  Liabilities:CurrentLiabilities:AccountPayable 2325.51 HKD
  contact: "998 12345840 (淘寶(珠寶配件)) [b82a0444-864d-4fc7-a48e-452de771eae9]"
  type: "Bill Payment"
  sourceId: "661ca28e-1ccb-4c81-9ae5-9b669cf11253"
  referenceNo: "885"
  orderId: "1491091a-2b19-4a7c-a92f-9c642f34bd66"
  Assets:CurrentAssets:Bank:BocVisaCard-DavidBank -2325.51 HKD
  type: "Bill Payment"
  sourceId: "661ca28e-1ccb-4c81-9ae5-9b669cf11253"
  referenceNo: "885"
  orderId: "1491091a-2b19-4a7c-a92f-9c642f34bd66"
2023-11-20 * "998 12345840 (淘寶(珠寶配件)) [b82a0444-864d-4fc7-a48e-452de771eae9]" "Bill Payment for Bill #886 #494a9a76-c18a-402f-b08b-15fc28d75fb6"
  Liabilities:CurrentLiabilities:AccountPayable 2193.63 HKD
  contact: "998 12345840 (淘寶(珠寶配件)) [b82a0444-864d-4fc7-a48e-452de771eae9]"
  type: "Bill Payment"
  sourceId: "494a9a76-c18a-402f-b08b-15fc28d75fb6"
  referenceNo: "886"
  orderId: "b57b6f71-b5af-455c-bead-4b282609092e"
  Assets:CurrentAssets:Bank:BocVisaCard-DavidBank -2193.63 HKD
  type: "Bill Payment"
  sourceId: "494a9a76-c18a-402f-b08b-15fc28d75fb6"
  referenceNo: "886"
  orderId: "b57b6f71-b5af-455c-bead-4b282609092e"
2023-11-20 * "880 806 () [53b8789a-4451-4a1f-84f7-a9c5da7ada1a]" "Bill Payment for Bill #906 #c3a29793-64d7-4837-8ad4-474e324b33bb"
  Liabilities:CurrentLiabilities:AccountPayable 2482.13 HKD
  contact: "880 806 () [53b8789a-4451-4a1f-84f7-a9c5da7ada1a]"
  type: "Bill Payment"
  sourceId: "c3a29793-64d7-4837-8ad4-474e324b33bb"
  referenceNo: "906"
  orderId: "79afba5d-bb71-4297-928b-227011cb3faf"
  Assets:CurrentAssets:Bank:BocVisaCard-DavidBank -2482.13 HKD
  type: "Bill Payment"
  sourceId: "c3a29793-64d7-4837-8ad4-474e324b33bb"
  referenceNo: "906"
  orderId: "79afba5d-bb71-4297-928b-227011cb3faf"
2023-11-20 * "880 806 () [53b8789a-4451-4a1f-84f7-a9c5da7ada1a]" "Bill Payment for Bill #907 #b2a5810b-8159-4b08-bacb-e3a003e84e59"
  Liabilities:CurrentLiabilities:AccountPayable 78.00 HKD
  contact: "880 806 () [53b8789a-4451-4a1f-84f7-a9c5da7ada1a]"
  type: "Bill Payment"
  sourceId: "b2a5810b-8159-4b08-bacb-e3a003e84e59"
  referenceNo: "907"
  orderId: "28cd91e9-da4a-4786-9f6a-e0f6b51ba251"
  Assets:CurrentAssets:Bank:BocVisaCard-DavidBank -78.00 HKD
  type: "Bill Payment"
  sourceId: "b2a5810b-8159-4b08-bacb-e3a003e84e59"
  referenceNo: "907"
  orderId: "28cd91e9-da4a-4786-9f6a-e0f6b51ba251"
2023-11-20 * "Invoice #300 退貨給翠綠兩件 (B2365 / E2312) - 消數"
  Assets:CurrentAssets:ShopInventory:Jewelry -1598.40 CNY
  category: "Gold Jewelry"
  sku: "DDFF23051706000000000008"
  qty: 1
  referenceNo: "300"
  orderId: "60099056-d5f7-4203-9783-2102c05f2469"
  type: "Invoice Item"
  sourceId: "a125feec-ace0-4d53-99d0-db200fd93336"
  Assets:CurrentAssets:ShopInventory:Jewelry -2000.00 CNY
  category: "Gold Jewelry"
  sku: "DDFF23051704000000000011"
  qty: 1
  referenceNo: "300"
  orderId: "60099056-d5f7-4203-9783-2102c05f2469"
  type: "Invoice Item"
  sourceId: "35832e1a-e4f0-4b43-bf0a-cad0b9c8df77"
  Assets:CurrentAssets:AccountReceivable
  referenceNo: "300"
  orderId: "60099056-d5f7-4203-9783-2102c05f2469"
  type: "Invoice"
  sourceId: "60099056-d5f7-4203-9783-2102c05f2469"
  contact: "998 12345843 (深圳市翠綠手飾製造有限公司) [418d4c3f-7ae7-4edc-b509-fe215e1732a0]"
2023-11-20 * "Assets:CurrentAssets:TradeDeposit:TradeDeposit-深圳市翠綠手飾製造有限公司" "Invoice Payment for Invoice #300 #b91cd96d-8ed0-4eff-9692-41a8f4fe0ec4"
  Assets:CurrentAssets:TradeDeposit:TradeDeposit-深圳市翠綠手飾製造有限公司 3598.40 CNY
  type: "Invoice Payment"
  sourceId: "b91cd96d-8ed0-4eff-9692-41a8f4fe0ec4"
  referenceNo: "300"
  orderId: "60099056-d5f7-4203-9783-2102c05f2469"
  Assets:CurrentAssets:AccountReceivable -3598.40 CNY
  type: "Invoice Payment"
  sourceId: "b91cd96d-8ed0-4eff-9692-41a8f4fe0ec4"
  referenceNo: "300"
  orderId: "60099056-d5f7-4203-9783-2102c05f2469"
  contact: "998 12345843 (深圳市翠綠手飾製造有限公司) [418d4c3f-7ae7-4edc-b509-fe215e1732a0]"
2023-11-20 * "Bill #885 (淘寶)编织红绳2325.51"
  referenceNo: "885"
  orderId: "1491091a-2b19-4a7c-a92f-9c642f34bd66"
  type: "Bill"
  Expenses:CostOfSales:Purchase:PurchaseItem:Buy18kJewelry 353.88 HKD
  category: "Jewelry"
  sku: "HM000003"
  qty: 14
  referenceNo: "885"
  orderId: "1491091a-2b19-4a7c-a92f-9c642f34bd66"
  type: "Bill Item"
  sourceId: "771aa3b2-b34b-412b-8744-9c5e11dc67ad"
  Expenses:CostOfSales:Purchase:PurchaseItem:Buy18kJewelry 353.88 HKD
  category: "Jewelry"
  sku: "HM000003"
  qty: 14
  referenceNo: "885"
  orderId: "1491091a-2b19-4a7c-a92f-9c642f34bd66"
  type: "Bill Item"
  sourceId: "e07e164e-fd7a-4240-8d06-87387ad342a1"
  Expenses:CostOfSales:Purchase:PurchaseItem:Buy18kJewelry 202.22 HKD
  category: "Jewelry"
  sku: "HM000003"
  qty: 8
  referenceNo: "885"
  orderId: "1491091a-2b19-4a7c-a92f-9c642f34bd66"
  type: "Bill Item"
  sourceId: "f88c17fe-4bfb-4b2d-bea5-2b4d4d8bba60"
  Expenses:CostOfSales:Purchase:PurchaseItem:Buy18kJewelry 379.16 HKD
  category: "Jewelry"
  sku: "HM000003"
  qty: 15
  referenceNo: "885"
  orderId: "1491091a-2b19-4a7c-a92f-9c642f34bd66"
  type: "Bill Item"
  sourceId: "daac49ce-4edf-40f0-91a7-58ba72a36cb6"
  Expenses:CostOfSales:Purchase:PurchaseItem:Buy18kJewelry 379.16 HKD
  category: "Jewelry"
  sku: "HM000003"
  qty: 15
  referenceNo: "885"
  orderId: "1491091a-2b19-4a7c-a92f-9c642f34bd66"
  type: "Bill Item"
  sourceId: "6d03c1f9-0dc6-4dff-ad10-c5523bb9fa3c"
  Expenses:CostOfSales:Purchase:PurchaseItem:Buy18kJewelry 252.77 HKD
  category: "Jewelry"
  sku: "HM000003"
  qty: 10
  referenceNo: "885"
  orderId: "1491091a-2b19-4a7c-a92f-9c642f34bd66"
  type: "Bill Item"
  sourceId: "8892af2e-3196-41de-8cc3-ddffbad283ec"
  Expenses:CostOfSales:Purchase:PurchaseItem:Buy18kJewelry 202.22 HKD
  category: "Jewelry"
  sku: "HM000003"
  qty: 8
  referenceNo: "885"
  orderId: "1491091a-2b19-4a7c-a92f-9c642f34bd66"
  type: "Bill Item"
  sourceId: "ceaa2d03-76a5-4fc3-9ac7-1b57f543bfca"
  Expenses:CostOfSales:Purchase:PurchaseItem:Buy18kJewelry 202.22 HKD
  category: "Jewelry"
  sku: "HM000003"
  qty: 8
  referenceNo: "885"
  orderId: "1491091a-2b19-4a7c-a92f-9c642f34bd66"
  type: "Bill Item"
  sourceId: "5f6cb133-075c-4e06-a44d-dcb6d4ed93f9"
  Liabilities:CurrentLiabilities:AccountPayable
  referenceNo: "885"
  orderId: "1491091a-2b19-4a7c-a92f-9c642f34bd66"
  type: "Bill"
  sourceId: "1491091a-2b19-4a7c-a92f-9c642f34bd66"
  contact: "998 12345840 (淘寶(珠寶配件)) [b82a0444-864d-4fc7-a48e-452de771eae9]"
2023-11-20 * "Bill #886 (淘寶)编织红绳2193.63"
  referenceNo: "886"
  orderId: "b57b6f71-b5af-455c-bead-4b282609092e"
  type: "Bill"
  Expenses:CostOfSales:Purchase:PurchaseItem:Buy18kJewelry 365.61 HKD
  category: "Jewelry"
  sku: "HM000002"
  qty: 5
  referenceNo: "886"
  orderId: "b57b6f71-b5af-455c-bead-4b282609092e"
  type: "Bill Item"
  sourceId: "42d86640-c306-4de6-8515-9b771dd48e93"
  Expenses:CostOfSales:Purchase:PurchaseItem:Buy18kJewelry 365.61 HKD
  category: "Jewelry"
  sku: "HM000002"
  qty: 5
  referenceNo: "886"
  orderId: "b57b6f71-b5af-455c-bead-4b282609092e"
  type: "Bill Item"
  sourceId: "2dc83ebd-f1f7-4b63-b57f-7b95bd90c6bc"
  Expenses:CostOfSales:Purchase:PurchaseItem:Buy18kJewelry 365.61 HKD
  category: "Jewelry"
  sku: "HM000002"
  qty: 5
  referenceNo: "886"
  orderId: "b57b6f71-b5af-455c-bead-4b282609092e"
  type: "Bill Item"
  sourceId: "a727e9af-43fc-4ee9-bccd-0f6bca0eb12a"
  Expenses:CostOfSales:Purchase:PurchaseItem:Buy18kJewelry 365.61 HKD
  category: "Jewelry"
  sku: "HM000002"
  qty: 5
  referenceNo: "886"
  orderId: "b57b6f71-b5af-455c-bead-4b282609092e"
  type: "Bill Item"
  sourceId: "0bfac893-fac2-40db-ac23-ca7f234d7ff4"
  Expenses:CostOfSales:Purchase:PurchaseItem:Buy18kJewelry 365.61 HKD
  category: "Jewelry"
  sku: "HM000002"
  qty: 5
  referenceNo: "886"
  orderId: "b57b6f71-b5af-455c-bead-4b282609092e"
  type: "Bill Item"
  sourceId: "8bc2279e-063f-4589-8009-dd7a3e7a3554"
  Expenses:CostOfSales:Purchase:PurchaseItem:Buy18kJewelry 365.61 HKD
  category: "Jewelry"
  sku: "HM000002"
  qty: 5
  referenceNo: "886"
  orderId: "b57b6f71-b5af-455c-bead-4b282609092e"
  type: "Bill Item"
  sourceId: "510f6134-2876-45a5-bbb6-a20edd583180"
  Liabilities:CurrentLiabilities:AccountPayable
  referenceNo: "886"
  orderId: "b57b6f71-b5af-455c-bead-4b282609092e"
  type: "Bill"
  sourceId: "b57b6f71-b5af-455c-bead-4b282609092e"
  contact: "998 12345840 (淘寶(珠寶配件)) [b82a0444-864d-4fc7-a48e-452de771eae9]"
2023-11-20 * "Bill #1261 (淘寶)编织红绳379.47"
  referenceNo: "1261"
  orderId: "d0232c4b-f3a9-45d3-aa49-611fcf0acc8d"
  type: "Bill"
  Expenses:CostOfSales:Purchase:PurchaseItem:Buy18kJewelry 126.49 HKD
  category: "Jewelry"
  sku: "HM000002"
  qty: 2
  referenceNo: "1261"
  orderId: "d0232c4b-f3a9-45d3-aa49-611fcf0acc8d"
  type: "Bill Item"
  sourceId: "93bcf738-1330-4b0f-8d9f-5a3e97dc0ae4"
  Expenses:CostOfSales:Purchase:PurchaseItem:Buy18kJewelry 252.98 HKD
  category: "Jewelry"
  sku: "HM000002"
  qty: 4
  referenceNo: "1261"
  orderId: "d0232c4b-f3a9-45d3-aa49-611fcf0acc8d"
  type: "Bill Item"
  sourceId: "7e3bd8dc-a74e-4202-95d6-c4839d5cdbeb"
  Liabilities:CurrentLiabilities:AccountPayable
  referenceNo: "1261"
  orderId: "d0232c4b-f3a9-45d3-aa49-611fcf0acc8d"
  type: "Bill"
  sourceId: "d0232c4b-f3a9-45d3-aa49-611fcf0acc8d"
  contact: "998 12345840 (淘寶(珠寶配件)) [b82a0444-864d-4fc7-a48e-452de771eae9]"
2023-11-20 * "Invoice #303 AA39205,DAMAGE EXCHANGE"
  Income:Sales:SalesItem:SellGoldJewelry -1980.00 HKD
  category: "Gold Jewelry"
  sku: "DD2310200000000000000035"
  qty: 1
  referenceNo: "303"
  orderId: "92b4d91f-0571-4a5c-ab5d-d1942ed72eb4"
  type: "Invoice Item"
  sourceId: "cef3c6a2-ad3a-4214-b002-209f76c8697b"
  Expenses:OtherExpenses:LostOrDamagedGoods -0.00 HKD
  description: "B23154匠緻系列:黃金999.9手鏈 2.82*571 工費 : 380 (INV 582 - 报损融金 B23154;DD2310200000000000000028)"
  qty: 0
  referenceNo: "303"
  orderId: "92b4d91f-0571-4a5c-ab5d-d1942ed72eb4"
  type: "Invoice Item"
  sourceId: "fc3c3971-8af0-4c10-9536-489434a4004e"
  Assets:CurrentAssets:AccountReceivable
  referenceNo: "303"
  orderId: "92b4d91f-0571-4a5c-ab5d-d1942ed72eb4"
  type: "Invoice"
  sourceId: "92b4d91f-0571-4a5c-ab5d-d1942ed72eb4"
  contact: "60 122211136 (MS.SALLYTHIEN) [11a9fc22-299a-437b-a02a-e55fdb2794e4]"
2023-11-20 * "Invoice #302 STAFF SALE"
  Income:Sales:SalesItem:SellGoldJewelry -13260.50 HKD
  category: "Gold Jewelry"
  sku: "DD2310200000000000000008"
  qty: 1
  referenceNo: "302"
  orderId: "28670288-edda-4cd9-825b-47b8605d7cc3"
  type: "Invoice Item"
  sourceId: "9a98d67c-3723-472a-b43f-22512e8a8b5b"
  Income:Sales:SalesItem:SellGoldJewelry -16384.50 HKD
  category: "Gold Jewelry"
  sku: "DD2310200000000000000010"
  qty: 1
  referenceNo: "302"
  orderId: "28670288-edda-4cd9-825b-47b8605d7cc3"
  type: "Invoice Item"
  sourceId: "d0580bf7-701b-48c8-bcde-19db738765a1"
  Income:Sales:SalesItem:SellGoldJewelry -16093.00 HKD
  category: "Gold Jewelry"
  sku: "DD2310200000000000000178"
  qty: 1
  referenceNo: "302"
  orderId: "28670288-edda-4cd9-825b-47b8605d7cc3"
  type: "Invoice Item"
  sourceId: "c5f69b7a-5384-4cd1-88df-4bd37d430a67"
  Assets:CurrentAssets:AccountReceivable
  referenceNo: "302"
  orderId: "28670288-edda-4cd9-825b-47b8605d7cc3"
  type: "Invoice"
  sourceId: "28670288-edda-4cd9-825b-47b8605d7cc3"
  contact: "852 52817706 ((MW)MS.HUANG燕姐) [39acd1e7-bbdb-4094-b694-39837413f816]"
2023-11-20 * "998 12345840 (淘寶(珠寶配件)) [b82a0444-864d-4fc7-a48e-452de771eae9]" "Bill Payment for Bill #873 #6c3150e1-8483-4afd-8455-e20e18e31574"
  Liabilities:CurrentLiabilities:AccountPayable 472.55 HKD
  contact: "998 12345840 (淘寶(珠寶配件)) [b82a0444-864d-4fc7-a48e-452de771eae9]"
  type: "Bill Payment"
  sourceId: "6c3150e1-8483-4afd-8455-e20e18e31574"
  referenceNo: "873"
  orderId: "5fddacac-7aca-4a22-b606-ad876d0eeb16"
  Assets:CurrentAssets:Bank:BocVisaCard-DavidBank -472.55 HKD
  type: "Bill Payment"
  sourceId: "6c3150e1-8483-4afd-8455-e20e18e31574"
  referenceNo: "873"
  orderId: "5fddacac-7aca-4a22-b606-ad876d0eeb16"
2023-11-21 * "Bill #891 G17 12月2023 租金"
  referenceNo: "891"
  orderId: "f928435b-a201-4ddd-ac39-a7a1d8093812"
  type: "Bill"
  Expenses:GeneralExpense:Rent 48000.00 HKD
  qty: "1"
  description: "G17 12月2023 租金"
  referenceNo: "891"
  orderId: "f928435b-a201-4ddd-ac39-a7a1d8093812"
  type: "Bill Item"
  sourceId: "d865c3ad-bab2-4454-888f-28113b0aaee5"
  Liabilities:CurrentLiabilities:AccountPayable
  referenceNo: "891"
  orderId: "f928435b-a201-4ddd-ac39-a7a1d8093812"
  type: "Bill"
  sourceId: "f928435b-a201-4ddd-ac39-a7a1d8093812"
  contact: "880 806 () [53b8789a-4451-4a1f-84f7-a9c5da7ada1a]"
2023-11-21 * "880 806 () [53b8789a-4451-4a1f-84f7-a9c5da7ada1a]" "Bill Payment for Bill #891 #c14c38ca-93e4-47b9-b365-12c82bd25d11"
  Liabilities:CurrentLiabilities:AccountPayable 48000.00 HKD
  contact: "880 806 () [53b8789a-4451-4a1f-84f7-a9c5da7ada1a]"
  type: "Bill Payment"
  sourceId: "c14c38ca-93e4-47b9-b365-12c82bd25d11"
  referenceNo: "891"
  orderId: "f928435b-a201-4ddd-ac39-a7a1d8093812"
  Assets:CurrentAssets:Bank:BocCurrentBank -48000.00 HKD
  type: "Bill Payment"
  sourceId: "c14c38ca-93e4-47b9-b365-12c82bd25d11"
  referenceNo: "891"
  orderId: "f928435b-a201-4ddd-ac39-a7a1d8093812"
2023-11-21 * "Assets:CurrentAssets:Cash:CashInHand" "Invoice Payment for Invoice #302 #8f97e138-bcd1-46e3-ba1a-94c66bbc4f37"
  Assets:CurrentAssets:Cash:CashInHand 45738.00 HKD
  type: "Invoice Payment"
  sourceId: "8f97e138-bcd1-46e3-ba1a-94c66bbc4f37"
  referenceNo: "302"
  orderId: "28670288-edda-4cd9-825b-47b8605d7cc3"
  Assets:CurrentAssets:AccountReceivable -45738.00 HKD
  type: "Invoice Payment"
  sourceId: "8f97e138-bcd1-46e3-ba1a-94c66bbc4f37"
  referenceNo: "302"
  orderId: "28670288-edda-4cd9-825b-47b8605d7cc3"
  contact: "852 52817706 ((MW)MS.HUANG燕姐) [39acd1e7-bbdb-4094-b694-39837413f816]"
2023-11-21 * "Assets:CurrentAssets:Cash:CashInHand" "Invoice Payment for Invoice #303 #aa56a38e-6645-452f-a878-9cdb38c69284"
  Assets:CurrentAssets:Cash:CashInHand 1980.00 HKD
  type: "Invoice Payment"
  sourceId: "aa56a38e-6645-452f-a878-9cdb38c69284"
  referenceNo: "303"
  orderId: "92b4d91f-0571-4a5c-ab5d-d1942ed72eb4"
  Assets:CurrentAssets:AccountReceivable -1980.00 HKD
  type: "Invoice Payment"
  sourceId: "aa56a38e-6645-452f-a878-9cdb38c69284"
  referenceNo: "303"
  orderId: "92b4d91f-0571-4a5c-ab5d-d1942ed72eb4"
  contact: "60 122211136 (MS.SALLYTHIEN) [11a9fc22-299a-437b-a02a-e55fdb2794e4]"
2023-11-22 * "Bill #890 kpay105"
  referenceNo: "890"
  orderId: "8b3bf781-b89b-42a6-962c-9fb0feaa0b93"
  type: "Bill"
  Expenses:GeneralExpense:CardFeeExpense 607.00 HKD
  qty: "1"
  description: "50500-49893 = 607"
  referenceNo: "890"
  orderId: "8b3bf781-b89b-42a6-962c-9fb0feaa0b93"
  type: "Bill Item"
  sourceId: "76256c86-44c1-4c99-a637-c93ff01085aa"
  Liabilities:CurrentLiabilities:AccountPayable
  referenceNo: "890"
  orderId: "8b3bf781-b89b-42a6-962c-9fb0feaa0b93"
  type: "Bill"
  sourceId: "8b3bf781-b89b-42a6-962c-9fb0feaa0b93"
  contact: "998 12345821 (KPAY) [5a706f32-7edc-48d8-ae47-62fee1e8bba1]"
2023-11-22 * "Bill #888 G17 各類運費 (DELIVERY FEE)"
  referenceNo: "888"
  orderId: "5f12fed8-e2d5-4710-a489-ce5f67bcc52b"
  type: "Bill"
  Expenses:GeneralExpense:TransportationAndCourier 18.00 HKD
  qty: "1"
  description: "G17 運費 (11.22)"
  referenceNo: "888"
  orderId: "5f12fed8-e2d5-4710-a489-ce5f67bcc52b"
  type: "Bill Item"
  sourceId: "cdf14390-0030-4145-91da-e13996da3bf5"
  Expenses:GeneralExpense:TransportationAndCourier 371.00 HKD
  qty: "1"
  description: "淘寶 集運 (11.20)"
  referenceNo: "888"
  orderId: "5f12fed8-e2d5-4710-a489-ce5f67bcc52b"
  type: "Bill Item"
  sourceId: "73433b09-6bc1-411d-8075-31cd7bda8f4c"
  Liabilities:CurrentLiabilities:AccountPayable
  referenceNo: "888"
  orderId: "5f12fed8-e2d5-4710-a489-ce5f67bcc52b"
  type: "Bill"
  sourceId: "5f12fed8-e2d5-4710-a489-ce5f67bcc52b"
  contact: "880 806 () [53b8789a-4451-4a1f-84f7-a9c5da7ada1a]"
2023-11-22 * "880 806 () [53b8789a-4451-4a1f-84f7-a9c5da7ada1a]" "Bill Payment for Bill #888 #85576339-e0cd-4d0a-b07d-d3eadd519e6b"
  Liabilities:CurrentLiabilities:AccountPayable 389.00 HKD
  contact: "880 806 () [53b8789a-4451-4a1f-84f7-a9c5da7ada1a]"
  type: "Bill Payment"
  sourceId: "85576339-e0cd-4d0a-b07d-d3eadd519e6b"
  referenceNo: "888"
  orderId: "5f12fed8-e2d5-4710-a489-ce5f67bcc52b"
  Liabilities:CurrentLiabilities:CurrentAccount:C-a-MilrichElectronicsHkCoLtd -389.00 HKD
  type: "Bill Payment"
  sourceId: "85576339-e0cd-4d0a-b07d-d3eadd519e6b"
  referenceNo: "888"
  orderId: "5f12fed8-e2d5-4710-a489-ce5f67bcc52b"
2023-11-22 * "998 12345821 (KPAY) [5a706f32-7edc-48d8-ae47-62fee1e8bba1]" "Bill Payment for Bill #890 #152dd8ce-6525-407e-91f7-f69f5955e31f"
  Liabilities:CurrentLiabilities:AccountPayable 607.00 HKD
  contact: "998 12345821 (KPAY) [5a706f32-7edc-48d8-ae47-62fee1e8bba1]"
  type: "Bill Payment"
  sourceId: "152dd8ce-6525-407e-91f7-f69f5955e31f"
  referenceNo: "890"
  orderId: "8b3bf781-b89b-42a6-962c-9fb0feaa0b93"
  Assets:CurrentAssets:Bank:KpayBank -607.00 HKD
  type: "Bill Payment"
  sourceId: "152dd8ce-6525-407e-91f7-f69f5955e31f"
  referenceNo: "890"
  orderId: "8b3bf781-b89b-42a6-962c-9fb0feaa0b93"
2023-11-22 * "Invoice #304 AA39206"
  Income:Sales:SalesItem:SellGoldJewelry -519.00 HKD
  category: "Gold Jewelry"
  sku: "GN000001"
  qty: 1
  referenceNo: "304"
  orderId: "99a242d6-8b9c-4fd3-9a7a-4663e2551404"
  type: "Invoice Item"
  sourceId: "e7f56aac-60eb-4911-968f-db368dac780f"
  Assets:CurrentAssets:AccountReceivable
  referenceNo: "304"
  orderId: "99a242d6-8b9c-4fd3-9a7a-4663e2551404"
  type: "Invoice"
  sourceId: "99a242d6-8b9c-4fd3-9a7a-4663e2551404"
  contact: "86 13456557901 (MS.YAO) [6f91c93d-b9f5-48fe-a468-0dcfddbf214e]"
2023-11-22 * "Assets:CurrentAssets:Bank:KpayBank" "Invoice Payment for Invoice #304 #fcc5da50-364f-4329-b25e-e869ed2c02ab"
  Assets:CurrentAssets:Bank:KpayBank 519.00 HKD
  type: "Invoice Payment"
  sourceId: "fcc5da50-364f-4329-b25e-e869ed2c02ab"
  referenceNo: "304"
  orderId: "99a242d6-8b9c-4fd3-9a7a-4663e2551404"
  Assets:CurrentAssets:AccountReceivable -519.00 HKD
  type: "Invoice Payment"
  sourceId: "fcc5da50-364f-4329-b25e-e869ed2c02ab"
  referenceNo: "304"
  orderId: "99a242d6-8b9c-4fd3-9a7a-4663e2551404"
  contact: "86 13456557901 (MS.YAO) [6f91c93d-b9f5-48fe-a468-0dcfddbf214e]"
2023-11-24 * "Bill #962 金豬擺件 (一套五件) (Cost : hkd 505/g , ttl : 108.97g)"
  referenceNo: "962"
  orderId: "386b228e-68b8-446e-b787-29f79ab18c97"
  type: "Bill"
  Expenses:CostOfSales:Purchase:PurchaseItem:BuyCost-ProcessingFee 0.00 HKD
  qty: "1"
  description: "COST BREAKDOWN : 金豬擺件(五件套) 工費 (total : hkd 2724 for 108.97g)
工費=hkd 24.9978/g"
  referenceNo: "962"
  orderId: "386b228e-68b8-446e-b787-29f79ab18c97"
  type: "Bill Item"
  sourceId: "ff8b1547-608f-4fba-994e-b2e671181b70"
  Expenses:CostOfSales:Purchase:PurchaseItem:BuyGoldJewelry 10297.86 HKD
  category: "Gold Jewelry"
  sku: "DDFF23112403000000000004"
  qty: 1
  referenceNo: "962"
  orderId: "386b228e-68b8-446e-b787-29f79ab18c97"
  type: "Bill Item"
  sourceId: "957d4a4e-1f0f-4534-8a5a-8ad69ccad7a0"
  Expenses:CostOfSales:Purchase:PurchaseItem:BuyGoldJewelry 25508.79 HKD
  category: "Gold Jewelry"
  sku: "DDFF23112403000000000005"
  qty: 1
  referenceNo: "962"
  orderId: "386b228e-68b8-446e-b787-29f79ab18c97"
  type: "Bill Item"
  sourceId: "5d4a127c-9753-4815-b065-d474ecd3957c"
  Expenses:CostOfSales:Purchase:PurchaseItem:BuyGoldJewelry 5803.48 HKD
  category: "Gold Jewelry"
  sku: "DDFF23112403000000000001"
  qty: 1
  referenceNo: "962"
  orderId: "386b228e-68b8-446e-b787-29f79ab18c97"
  type: "Bill Item"
  sourceId: "5df92591-3c93-49a0-827d-469b6e30b44f"
  Expenses:CostOfSales:Purchase:PurchaseItem:BuyGoldJewelry 10117.66 HKD
  category: "Gold Jewelry"
  sku: "DDFF23112403000000000003"
  qty: 1
  referenceNo: "962"
  orderId: "386b228e-68b8-446e-b787-29f79ab18c97"
  type: "Bill Item"
  sourceId: "fb5555e4-b2b2-47d0-bbfd-8b7feecdff39"
  Expenses:CostOfSales:Purchase:PurchaseItem:BuyGoldJewelry 6026.07 HKD
  category: "Gold Jewelry"
  sku: "DDFF23112403000000000002"
  qty: 1
  referenceNo: "962"
  orderId: "386b228e-68b8-446e-b787-29f79ab18c97"
  type: "Bill Item"
  sourceId: "a064a877-7d13-486b-ae4e-4a0c7c62b679"
  Liabilities:CurrentLiabilities:AccountPayable
  referenceNo: "962"
  orderId: "386b228e-68b8-446e-b787-29f79ab18c97"
  type: "Bill"
  sourceId: "386b228e-68b8-446e-b787-29f79ab18c97"
  contact: "998 12445678 (豐盈珠寶設計) [e1a47965-daee-48f1-8c0b-71c9390a459e]"
2023-11-24 * "998 12445678 (豐盈珠寶設計) [e1a47965-daee-48f1-8c0b-71c9390a459e]" "Bill Payment for Bill #962 #61460598-680c-4e32-8bff-84d8b6907c17"
  Liabilities:CurrentLiabilities:AccountPayable 55029.86 HKD
  contact: "998 12445678 (豐盈珠寶設計) [e1a47965-daee-48f1-8c0b-71c9390a459e]"
  type: "Bill Payment"
  sourceId: "61460598-680c-4e32-8bff-84d8b6907c17"
  referenceNo: "962"
  orderId: "386b228e-68b8-446e-b787-29f79ab18c97"
  Liabilities:CurrentLiabilities:CurrentAccount:C-a-MilrichElectronicsHkCoLtd -55029.86 HKD
  type: "Bill Payment"
  sourceId: "61460598-680c-4e32-8bff-84d8b6907c17"
  referenceNo: "962"
  orderId: "386b228e-68b8-446e-b787-29f79ab18c97"
2023-11-24 * "998 12445678 (豐盈珠寶設計) [e1a47965-daee-48f1-8c0b-71c9390a459e]" "Bill Payment for Bill #962 #db1e5938-472f-45f9-b60c-cf939b6ee7c1"
  Liabilities:CurrentLiabilities:AccountPayable 2724.00 HKD
  contact: "998 12445678 (豐盈珠寶設計) [e1a47965-daee-48f1-8c0b-71c9390a459e]"
  type: "Bill Payment"
  sourceId: "db1e5938-472f-45f9-b60c-cf939b6ee7c1"
  referenceNo: "962"
  orderId: "386b228e-68b8-446e-b787-29f79ab18c97"
  Assets:CurrentAssets:Cash:CashInHand -2724.00 HKD
  type: "Bill Payment"
  sourceId: "db1e5938-472f-45f9-b60c-cf939b6ee7c1"
  referenceNo: "962"
  orderId: "386b228e-68b8-446e-b787-29f79ab18c97"
2023-11-24 * "Invoice #305 STAFF SALE"
  Income:Sales:SalesItem:SellGoldJewelry -1554.00 HKD
  category: "Gold Jewelry"
  sku: "GN000001"
  qty: 3
  referenceNo: "305"
  orderId: "143763b2-e9ae-40e3-9338-f7720567036d"
  type: "Invoice Item"
  sourceId: "cc2936a7-dcec-4433-b4aa-9917f8c45b7a"
  Assets:CurrentAssets:AccountReceivable
  referenceNo: "305"
  orderId: "143763b2-e9ae-40e3-9338-f7720567036d"
  type: "Invoice"
  sourceId: "143763b2-e9ae-40e3-9338-f7720567036d"
  contact: "852 52817706 ((MW)MS.HUANG燕姐) [39acd1e7-bbdb-4094-b694-39837413f816]"
2023-11-24 * "Assets:CurrentAssets:Cash:CashInHand" "Invoice Payment for Invoice #305 #dad8c02d-ae1e-41a4-afa0-64a1d6a65eb2"
  Assets:CurrentAssets:Cash:CashInHand 1554.00 HKD
  type: "Invoice Payment"
  sourceId: "dad8c02d-ae1e-41a4-afa0-64a1d6a65eb2"
  referenceNo: "305"
  orderId: "143763b2-e9ae-40e3-9338-f7720567036d"
  Assets:CurrentAssets:AccountReceivable -1554.00 HKD
  type: "Invoice Payment"
  sourceId: "dad8c02d-ae1e-41a4-afa0-64a1d6a65eb2"
  referenceNo: "305"
  orderId: "143763b2-e9ae-40e3-9338-f7720567036d"
  contact: "852 52817706 ((MW)MS.HUANG燕姐) [39acd1e7-bbdb-4094-b694-39837413f816]"
2023-11-24 * "Bill #892 INV#02810"
  referenceNo: "892"
  orderId: "0868aec5-3725-469a-b170-b045d3a54811"
  type: "Bill"
  Expenses:CostOfSales:Purchase:PurchaseItem:Buy18kJewelry 2015.00 HKD
  category: "Jewelry"
  sku: "DD2023112400000006"
  qty: 1
  referenceNo: "892"
  orderId: "0868aec5-3725-469a-b170-b045d3a54811"
  type: "Bill Item"
  sourceId: "9324dff1-8875-4d92-8acd-04be2e22edf8"
  Expenses:CostOfSales:Purchase:PurchaseItem:Buy18kJewelry 3770.00 HKD
  category: "Jewelry"
  sku: "DD2023112400000007"
  qty: 1
  referenceNo: "892"
  orderId: "0868aec5-3725-469a-b170-b045d3a54811"
  type: "Bill Item"
  sourceId: "3dedb268-0256-4ddf-9b27-8f8a7b6bbd7b"
  Expenses:CostOfSales:Purchase:PurchaseItem:Buy18kJewelry 1300.00 HKD
  category: "Jewelry"
  sku: "DD2023112400000004"
  qty: 1
  referenceNo: "892"
  orderId: "0868aec5-3725-469a-b170-b045d3a54811"
  type: "Bill Item"
  sourceId: "5167c9df-fcc4-4b05-9dad-da48b8bbb9b9"
  Expenses:CostOfSales:Purchase:PurchaseItem:Buy18kJewelry 2015.00 HKD
  category: "Jewelry"
  sku: "DD2023112400000002"
  qty: 1
  referenceNo: "892"
  orderId: "0868aec5-3725-469a-b170-b045d3a54811"
  type: "Bill Item"
  sourceId: "05a66c4e-ba86-41c1-8a24-25b7dc69779a"
  Expenses:CostOfSales:Purchase:PurchaseItem:Buy18kJewelry 1560.00 HKD
  category: "Jewelry"
  sku: "DD2023112400000005"
  qty: 1
  referenceNo: "892"
  orderId: "0868aec5-3725-469a-b170-b045d3a54811"
  type: "Bill Item"
  sourceId: "3fd420bc-0108-4798-8b31-2fc72507a323"
  Expenses:CostOfSales:Purchase:PurchaseItem:Buy18kJewelry 1560.00 HKD
  category: "Jewelry"
  sku: "DD2023112400000003"
  qty: 1
  referenceNo: "892"
  orderId: "0868aec5-3725-469a-b170-b045d3a54811"
  type: "Bill Item"
  sourceId: "7baab49c-83d5-4747-bf52-56fac38cf416"
  Expenses:CostOfSales:Purchase:PurchaseItem:Buy18kJewelry 2080.00 HKD
  category: "Jewelry"
  sku: "DD2023112400000001"
  qty: 1
  referenceNo: "892"
  orderId: "0868aec5-3725-469a-b170-b045d3a54811"
  type: "Bill Item"
  sourceId: "6cb7306f-56a9-413a-a2c3-6b064d700f9f"
  Liabilities:CurrentLiabilities:AccountPayable
  referenceNo: "892"
  orderId: "0868aec5-3725-469a-b170-b045d3a54811"
  type: "Bill"
  sourceId: "0868aec5-3725-469a-b170-b045d3a54811"
  contact: "852 27238020 (UNISONMANUFACTURINGH.KLTD) [2dce03d8-5e9a-4012-b697-b3262b98969f]"
2023-11-24 * "Invoice #306 "
  Income:Sales:SalesItem:SellGoldJewelry -2054.00 HKD
  category: "Gold Jewelry"
  sku: "DD2310200000000000000019"
  qty: 1
  referenceNo: "306"
  orderId: "e2f4ddbc-04ef-4846-8c1d-e483b84fdfda"
  type: "Invoice Item"
  sourceId: "518d2f9d-b4d0-4648-a7eb-474fd176deef"
  Income:Sales:SalesItem:SellGoldJewelry -2698.00 HKD
  category: "Gold Jewelry"
  sku: "DD2310200000000000000016"
  qty: 1
  referenceNo: "306"
  orderId: "e2f4ddbc-04ef-4846-8c1d-e483b84fdfda"
  type: "Invoice Item"
  sourceId: "ad72008d-eac8-471a-aa19-cf68962873a0"
  Income:Sales:SalesItem:SellGoldJewelry -1918.00 HKD
  category: "Gold Jewelry"
  sku: "DD2310200000000000000225"
  qty: 1
  referenceNo: "306"
  orderId: "e2f4ddbc-04ef-4846-8c1d-e483b84fdfda"
  type: "Invoice Item"
  sourceId: "522fdca8-f4f9-4d13-8b51-9721a1acf087"
  Income:Sales:SalesItem:SellGoldJewelry -3330.00 HKD
  category: "Gold Jewelry"
  sku: "DD2310200000000000000143"
  qty: 1
  referenceNo: "306"
  orderId: "e2f4ddbc-04ef-4846-8c1d-e483b84fdfda"
  type: "Invoice Item"
  sourceId: "7cb3b0da-b7cc-4585-8a81-083eb9209873"
  Income:Sales:SalesItem:SellGoldJewelry -2560.00 HKD
  category: "Gold Jewelry"
  sku: "DDFF23051702000000000002"
  qty: 1
  referenceNo: "306"
  orderId: "e2f4ddbc-04ef-4846-8c1d-e483b84fdfda"
  type: "Invoice Item"
  sourceId: "1e029eea-43c6-433a-81e1-d94c37e826e5"
  Assets:CurrentAssets:AccountReceivable
  referenceNo: "306"
  orderId: "e2f4ddbc-04ef-4846-8c1d-e483b84fdfda"
  type: "Invoice"
  sourceId: "e2f4ddbc-04ef-4846-8c1d-e483b84fdfda"
  contact: "880 802 (Walkin) [42348712-7daa-4c29-93b7-756b472429a4]"
2023-11-25 * "Assets:CurrentAssets:Bank:KpayBank" "Invoice Payment for Invoice #306 #5551e64b-1bb8-4445-a41b-5dc7387edeb5"
  Assets:CurrentAssets:Bank:KpayBank 11500.00 HKD
  type: "Invoice Payment"
  sourceId: "5551e64b-1bb8-4445-a41b-5dc7387edeb5"
  referenceNo: "306"
  orderId: "e2f4ddbc-04ef-4846-8c1d-e483b84fdfda"
  Assets:CurrentAssets:AccountReceivable -11500.00 HKD
  type: "Invoice Payment"
  sourceId: "5551e64b-1bb8-4445-a41b-5dc7387edeb5"
  referenceNo: "306"
  orderId: "e2f4ddbc-04ef-4846-8c1d-e483b84fdfda"
  contact: "880 802 (Walkin) [42348712-7daa-4c29-93b7-756b472429a4]"
2023-11-25 * "Assets:CurrentAssets:Bank:KpayBank" "Invoice Payment for Invoice #306 #1547386c-6297-4a1a-bf5a-34f2f7e2aa97"
  Assets:CurrentAssets:Bank:KpayBank 1060.00 HKD
  type: "Invoice Payment"
  sourceId: "1547386c-6297-4a1a-bf5a-34f2f7e2aa97"
  referenceNo: "306"
  orderId: "e2f4ddbc-04ef-4846-8c1d-e483b84fdfda"
  Assets:CurrentAssets:AccountReceivable -1060.00 HKD
  type: "Invoice Payment"
  sourceId: "1547386c-6297-4a1a-bf5a-34f2f7e2aa97"
  referenceNo: "306"
  orderId: "e2f4ddbc-04ef-4846-8c1d-e483b84fdfda"
  contact: "880 802 (Walkin) [42348712-7daa-4c29-93b7-756b472429a4]"
2023-11-25 * "Invoice #308 AA39209"
  Income:Sales:SalesItem:SellGoldJewelry -2400.00 CNY
  category: "Gold Jewelry"
  sku: "GN000001"
  qty: 5
  referenceNo: "308"
  orderId: "6f7abc4f-1371-47b4-8a24-277c0d035d02"
  type: "Invoice Item"
  sourceId: "247fb9d7-3b39-4886-bc65-6a415036db35"
  Assets:CurrentAssets:AccountReceivable
  referenceNo: "308"
  orderId: "6f7abc4f-1371-47b4-8a24-277c0d035d02"
  type: "Invoice"
  sourceId: "6f7abc4f-1371-47b4-8a24-277c0d035d02"
  contact: "880 802 (Walkin) [42348712-7daa-4c29-93b7-756b472429a4]"
2023-11-25 * "Invoice #307 AA39208"
  Income:Sales:SalesItem:SellGoldJewelry -3600.00 CNY
  category: "Gold Jewelry"
  sku: "DDFF23051205000000000021"
  qty: 1
  referenceNo: "307"
  orderId: "1d443232-9e75-4a38-859d-64f8619c56b8"
  type: "Invoice Item"
  sourceId: "60d7ae5d-473e-4485-a024-1319566e018a"
  Assets:CurrentAssets:AccountReceivable
  referenceNo: "307"
  orderId: "1d443232-9e75-4a38-859d-64f8619c56b8"
  type: "Invoice"
  sourceId: "1d443232-9e75-4a38-859d-64f8619c56b8"
  contact: "880 802 (Walkin) [42348712-7daa-4c29-93b7-756b472429a4]"
2023-11-25 * "Assets:CurrentAssets:Cash:CashInHand" "Invoice Payment for Invoice #307 #d2e6feba-7ff0-4a1a-a7a7-6ea3d92a59ba"
  Assets:CurrentAssets:Cash:CashInHand 3600.00 CNY
  type: "Invoice Payment"
  sourceId: "d2e6feba-7ff0-4a1a-a7a7-6ea3d92a59ba"
  referenceNo: "307"
  orderId: "1d443232-9e75-4a38-859d-64f8619c56b8"
  Assets:CurrentAssets:AccountReceivable -3600.00 CNY
  type: "Invoice Payment"
  sourceId: "d2e6feba-7ff0-4a1a-a7a7-6ea3d92a59ba"
  referenceNo: "307"
  orderId: "1d443232-9e75-4a38-859d-64f8619c56b8"
  contact: "880 802 (Walkin) [42348712-7daa-4c29-93b7-756b472429a4]"
2023-11-27 * "Bill #895 AE Credit Card payment (23年11月)"
  referenceNo: "895"
  orderId: "5331d483-041f-41f7-a45a-01746992809e"
  type: "Bill"
  Expenses:GeneralExpense:Subscriptions 478.87 HKD
  qty: "1"
  description: "DUO.COM -11.2 (usd 60)"
  referenceNo: "895"
  orderId: "5331d483-041f-41f7-a45a-01746992809e"
  type: "Bill Item"
  sourceId: "c4103352-f629-4da7-9455-80ecb06cd09c"
  Expenses:GeneralExpense:AdvertisingAndBranding 758.51 HKD
  qty: "1"
  description: "CRISP - 11.4 (usd 95)"
  referenceNo: "895"
  orderId: "5331d483-041f-41f7-a45a-01746992809e"
  type: "Bill Item"
  sourceId: "9d61d097-2c1f-4646-8790-9a7619eb2ff8"
  Expenses:GeneralExpense:AdvertisingAndBranding 3000.00 HKD
  qty: "1"
  description: "FACEBOOK AD - 10.20"
  referenceNo: "895"
  orderId: "5331d483-041f-41f7-a45a-01746992809e"
  type: "Bill Item"
  sourceId: "1197982e-2d52-40cc-bc35-b6c6922315e5"
  Expenses:GeneralExpense:AdvertisingAndBranding 900.76 HKD
  qty: "1"
  description: "FACEBOOK AD - 10.31"
  referenceNo: "895"
  orderId: "5331d483-041f-41f7-a45a-01746992809e"
  type: "Bill Item"
  sourceId: "9e6cfa87-5be7-488d-b471-48e51165d9be"
  Expenses:GeneralExpense:CardFeeExpense -500.00 HKD
  qty: "1"
  description: "Cash Rebate"
  referenceNo: "895"
  orderId: "5331d483-041f-41f7-a45a-01746992809e"
  type: "Bill Item"
  sourceId: "904c03cb-2062-408d-8ce1-7d3436e4af42"
  Liabilities:CurrentLiabilities:AccountPayable
  referenceNo: "895"
  orderId: "5331d483-041f-41f7-a45a-01746992809e"
  type: "Bill"
  sourceId: "5331d483-041f-41f7-a45a-01746992809e"
  contact: "880 806 () [53b8789a-4451-4a1f-84f7-a9c5da7ada1a]"
2023-11-27 * "Bill #899 kpay106"
  referenceNo: "899"
  orderId: "b38d03d9-f405-45c6-9d95-5574ee074fe6"
  type: "Bill"
  Expenses:GeneralExpense:CardFeeExpense 7.23 HKD
  qty: "1"
  description: "519-511.77 = 7.23"
  referenceNo: "899"
  orderId: "b38d03d9-f405-45c6-9d95-5574ee074fe6"
  type: "Bill Item"
  sourceId: "39d9f006-736f-41be-a7c6-03f261af34b1"
  Liabilities:CurrentLiabilities:AccountPayable
  referenceNo: "899"
  orderId: "b38d03d9-f405-45c6-9d95-5574ee074fe6"
  type: "Bill"
  sourceId: "b38d03d9-f405-45c6-9d95-5574ee074fe6"
  contact: "998 12345821 (KPAY) [5a706f32-7edc-48d8-ae47-62fee1e8bba1]"
2023-11-27 * "Bill #901 11月2023MPF"
  referenceNo: "901"
  orderId: "d8a51d58-5383-4d22-b4be-5e8f1604ede6"
  type: "Bill"
  Expenses:GeneralExpense:Mpf 5700.00 HKD
  qty: "1"
  description: "11月2023MPF"
  referenceNo: "901"
  orderId: "d8a51d58-5383-4d22-b4be-5e8f1604ede6"
  type: "Bill Item"
  sourceId: "20e3e589-4438-4d9d-b9d2-49da123b28a5"
  Liabilities:CurrentLiabilities:AccountPayable
  referenceNo: "901"
  orderId: "d8a51d58-5383-4d22-b4be-5e8f1604ede6"
  type: "Bill"
  sourceId: "d8a51d58-5383-4d22-b4be-5e8f1604ede6"
  contact: "880 806 () [53b8789a-4451-4a1f-84f7-a9c5da7ada1a]"
2023-11-27 * "880 806 () [53b8789a-4451-4a1f-84f7-a9c5da7ada1a]" "Bill Payment for Bill #895 #c3213aef-163a-45c9-9c88-4313e777dfa0"
  Liabilities:CurrentLiabilities:AccountPayable 4638.14 HKD
  contact: "880 806 () [53b8789a-4451-4a1f-84f7-a9c5da7ada1a]"
  type: "Bill Payment"
  sourceId: "c3213aef-163a-45c9-9c88-4313e777dfa0"
  referenceNo: "895"
  orderId: "5331d483-041f-41f7-a45a-01746992809e"
  Assets:CurrentAssets:Bank:BocSavingBank -4638.14 HKD
  type: "Bill Payment"
  sourceId: "c3213aef-163a-45c9-9c88-4313e777dfa0"
  referenceNo: "895"
  orderId: "5331d483-041f-41f7-a45a-01746992809e"
2023-11-27 * "998 12345821 (KPAY) [5a706f32-7edc-48d8-ae47-62fee1e8bba1]" "Bill Payment for Bill #899 #7c242e66-f21c-45b5-9d77-421ea005690e"
  Liabilities:CurrentLiabilities:AccountPayable 7.23 HKD
  contact: "998 12345821 (KPAY) [5a706f32-7edc-48d8-ae47-62fee1e8bba1]"
  type: "Bill Payment"
  sourceId: "7c242e66-f21c-45b5-9d77-421ea005690e"
  referenceNo: "899"
  orderId: "b38d03d9-f405-45c6-9d95-5574ee074fe6"
  Assets:CurrentAssets:Bank:KpayBank -7.23 HKD
  type: "Bill Payment"
  sourceId: "7c242e66-f21c-45b5-9d77-421ea005690e"
  referenceNo: "899"
  orderId: "b38d03d9-f405-45c6-9d95-5574ee074fe6"
2023-11-27 * "880 806 () [53b8789a-4451-4a1f-84f7-a9c5da7ada1a]" "Bill Payment for Bill #901 #37fdbc63-1708-4101-90cb-1ef06c9ab52a"
  Liabilities:CurrentLiabilities:AccountPayable 5700.00 HKD
  contact: "880 806 () [53b8789a-4451-4a1f-84f7-a9c5da7ada1a]"
  type: "Bill Payment"
  sourceId: "37fdbc63-1708-4101-90cb-1ef06c9ab52a"
  referenceNo: "901"
  orderId: "d8a51d58-5383-4d22-b4be-5e8f1604ede6"
  Assets:CurrentAssets:Bank:BocCurrentBank -5700.00 HKD
  type: "Bill Payment"
  sourceId: "37fdbc63-1708-4101-90cb-1ef06c9ab52a"
  referenceNo: "901"
  orderId: "d8a51d58-5383-4d22-b4be-5e8f1604ede6"
2023-11-27 * "Assets:CurrentAssets:Cash:CashInHand" "Invoice Payment for Invoice #308 #ec9d994d-ff5d-4dfc-b868-383fd9261069"
  Assets:CurrentAssets:Cash:CashInHand 2400.00 CNY
  type: "Invoice Payment"
  sourceId: "ec9d994d-ff5d-4dfc-b868-383fd9261069"
  referenceNo: "308"
  orderId: "6f7abc4f-1371-47b4-8a24-277c0d035d02"
  Assets:CurrentAssets:AccountReceivable -2400.00 CNY
  type: "Invoice Payment"
  sourceId: "ec9d994d-ff5d-4dfc-b868-383fd9261069"
  referenceNo: "308"
  orderId: "6f7abc4f-1371-47b4-8a24-277c0d035d02"
  contact: "880 802 (Walkin) [42348712-7daa-4c29-93b7-756b472429a4]"
2023-11-28 * "Bill #896 NOVA - G17 勞保23_24年度"
  referenceNo: "896"
  orderId: "0dd02d2c-a70b-48b2-b042-949bc73e8325"
  type: "Bill"
  Expenses:GeneralExpense:Insurance 7737.98 HKD
  qty: "1"
  description: "NOVA - G17 勞保23_24年度"
  referenceNo: "896"
  orderId: "0dd02d2c-a70b-48b2-b042-949bc73e8325"
  type: "Bill Item"
  sourceId: "a21cd063-42d3-45e3-9f08-4a2dc1986649"
  Expenses:GeneralExpense:BankFeesExpense 5.00 HKD
  qty: "1"
  description: "BANK FEE"
  referenceNo: "896"
  orderId: "0dd02d2c-a70b-48b2-b042-949bc73e8325"
  type: "Bill Item"
  sourceId: "a0cf7324-3e50-48d4-a050-f0ad0cd6e6de"
  Liabilities:CurrentLiabilities:AccountPayable
  referenceNo: "896"
  orderId: "0dd02d2c-a70b-48b2-b042-949bc73e8325"
  type: "Bill"
  sourceId: "0dd02d2c-a70b-48b2-b042-949bc73e8325"
  contact: "880 806 () [53b8789a-4451-4a1f-84f7-a9c5da7ada1a]"
2023-11-28 * "Bill #897 Bank Fee"
  referenceNo: "897"
  orderId: "68d1828e-1429-463c-8ae8-047d19fe00cd"
  type: "Bill"
  Expenses:GeneralExpense:BankFeesExpense 25.00 HKD
  qty: "1"
  description: "Bank Fee"
  referenceNo: "897"
  orderId: "68d1828e-1429-463c-8ae8-047d19fe00cd"
  type: "Bill Item"
  sourceId: "3e3eb994-fb87-4d08-bda4-16937ee34948"
  Liabilities:CurrentLiabilities:AccountPayable
  referenceNo: "897"
  orderId: "68d1828e-1429-463c-8ae8-047d19fe00cd"
  type: "Bill"
  sourceId: "68d1828e-1429-463c-8ae8-047d19fe00cd"
  contact: "880 806 () [53b8789a-4451-4a1f-84f7-a9c5da7ada1a]"
2023-11-28 * "Bill #1000 G17上網(2023-12月)"
  referenceNo: "1000"
  orderId: "d080218e-be6c-4bb8-8fce-11753e80f755"
  type: "Bill"
  Expenses:GeneralExpense:TelephoneAndInternetAndAlarm 338.00 HKD
  qty: "1"
  description: "G17上網(2023-12月)"
  referenceNo: "1000"
  orderId: "d080218e-be6c-4bb8-8fce-11753e80f755"
  type: "Bill Item"
  sourceId: "5815071c-55af-40a2-9a1f-509c6f95a816"
  Liabilities:CurrentLiabilities:AccountPayable
  referenceNo: "1000"
  orderId: "d080218e-be6c-4bb8-8fce-11753e80f755"
  type: "Bill"
  sourceId: "d080218e-be6c-4bb8-8fce-11753e80f755"
  contact: "880 806 () [53b8789a-4451-4a1f-84f7-a9c5da7ada1a]"
2023-11-28 * "880 806 () [53b8789a-4451-4a1f-84f7-a9c5da7ada1a]" "Bill Payment for Bill #1000 #7a014ffd-22db-47a1-9842-64619583c5c1"
  Liabilities:CurrentLiabilities:AccountPayable 338.00 HKD
  contact: "880 806 () [53b8789a-4451-4a1f-84f7-a9c5da7ada1a]"
  type: "Bill Payment"
  sourceId: "7a014ffd-22db-47a1-9842-64619583c5c1"
  referenceNo: "1000"
  orderId: "d080218e-be6c-4bb8-8fce-11753e80f755"
  Liabilities:CurrentLiabilities:CurrentAccount:C-a-MilrichElectronicsHkCoLtd -338.00 HKD
  type: "Bill Payment"
  sourceId: "7a014ffd-22db-47a1-9842-64619583c5c1"
  referenceNo: "1000"
  orderId: "d080218e-be6c-4bb8-8fce-11753e80f755"
2023-11-28 * "852 27238020 (UNISONMANUFACTURINGH.KLTD) [2dce03d8-5e9a-4012-b697-b3262b98969f]" "Bill Payment for Bill #892 #d3a8bc13-6bbc-4826-841a-43aa4c104c40"
  Liabilities:CurrentLiabilities:AccountPayable 14300.00 HKD
  contact: "852 27238020 (UNISONMANUFACTURINGH.KLTD) [2dce03d8-5e9a-4012-b697-b3262b98969f]"
  type: "Bill Payment"
  sourceId: "d3a8bc13-6bbc-4826-841a-43aa4c104c40"
  referenceNo: "892"
  orderId: "0868aec5-3725-469a-b170-b045d3a54811"
  Assets:CurrentAssets:Bank:BocSavingBank -14300.00 HKD
  type: "Bill Payment"
  sourceId: "d3a8bc13-6bbc-4826-841a-43aa4c104c40"
  referenceNo: "892"
  orderId: "0868aec5-3725-469a-b170-b045d3a54811"
2023-11-28 * "880 806 () [53b8789a-4451-4a1f-84f7-a9c5da7ada1a]" "Bill Payment for Bill #896 #0c02bed7-44da-49af-a6b5-40a43749d886"
  Liabilities:CurrentLiabilities:AccountPayable 7737.98 HKD
  contact: "880 806 () [53b8789a-4451-4a1f-84f7-a9c5da7ada1a]"
  type: "Bill Payment"
  sourceId: "0c02bed7-44da-49af-a6b5-40a43749d886"
  referenceNo: "896"
  orderId: "0dd02d2c-a70b-48b2-b042-949bc73e8325"
  Assets:CurrentAssets:Bank:BocSavingBank -7737.98 HKD
  type: "Bill Payment"
  sourceId: "0c02bed7-44da-49af-a6b5-40a43749d886"
  referenceNo: "896"
  orderId: "0dd02d2c-a70b-48b2-b042-949bc73e8325"
2023-11-28 * "880 806 () [53b8789a-4451-4a1f-84f7-a9c5da7ada1a]" "Bill Payment for Bill #896 #25f577f4-8321-465b-8995-427fea0f4ade"
  Liabilities:CurrentLiabilities:AccountPayable 5.00 HKD
  contact: "880 806 () [53b8789a-4451-4a1f-84f7-a9c5da7ada1a]"
  type: "Bill Payment"
  sourceId: "25f577f4-8321-465b-8995-427fea0f4ade"
  referenceNo: "896"
  orderId: "0dd02d2c-a70b-48b2-b042-949bc73e8325"
  Assets:CurrentAssets:Bank:BocSavingBank -5.00 HKD
  type: "Bill Payment"
  sourceId: "25f577f4-8321-465b-8995-427fea0f4ade"
  referenceNo: "896"
  orderId: "0dd02d2c-a70b-48b2-b042-949bc73e8325"
2023-11-28 * "880 806 () [53b8789a-4451-4a1f-84f7-a9c5da7ada1a]" "Bill Payment for Bill #897 #5a3814a9-2b46-4121-b32d-10c4140dfe6f"
  Liabilities:CurrentLiabilities:AccountPayable 25.00 HKD
  contact: "880 806 () [53b8789a-4451-4a1f-84f7-a9c5da7ada1a]"
  type: "Bill Payment"
  sourceId: "5a3814a9-2b46-4121-b32d-10c4140dfe6f"
  referenceNo: "897"
  orderId: "68d1828e-1429-463c-8ae8-047d19fe00cd"
  Assets:CurrentAssets:Bank:BocSavingBank -25.00 HKD
  type: "Bill Payment"
  sourceId: "5a3814a9-2b46-4121-b32d-10c4140dfe6f"
  referenceNo: "897"
  orderId: "68d1828e-1429-463c-8ae8-047d19fe00cd"
2023-11-28 * "Bill #894 MARCUS 回收金"
  referenceNo: "894"
  orderId: "c58877f2-4022-4f2f-ab2f-032ed9ea5589"
  type: "Bill"
  Expenses:CostOfSales:Purchase:PurchaseItem:BuyCost-ProcessingFee 3346.50 HKD
  qty: "1"
  description: "回收6.9G 黃金*485"
  referenceNo: "894"
  orderId: "c58877f2-4022-4f2f-ab2f-032ed9ea5589"
  type: "Bill Item"
  sourceId: "384f8fc8-2a98-43b8-bd43-3565752516d9"
  Liabilities:CurrentLiabilities:AccountPayable
  referenceNo: "894"
  orderId: "c58877f2-4022-4f2f-ab2f-032ed9ea5589"
  type: "Bill"
  sourceId: "c58877f2-4022-4f2f-ab2f-032ed9ea5589"
  contact: "880 803 (街客收金) [20797379-d429-4e91-9b05-52aae755d1a4]"
2023-11-28 * "880 803 (街客收金) [20797379-d429-4e91-9b05-52aae755d1a4]" "Bill Payment for Bill #894 #8b11fabc-0d4d-456f-b6df-731c7efff6b0"
  Liabilities:CurrentLiabilities:AccountPayable 3346.50 HKD
  contact: "880 803 (街客收金) [20797379-d429-4e91-9b05-52aae755d1a4]"
  type: "Bill Payment"
  sourceId: "8b11fabc-0d4d-456f-b6df-731c7efff6b0"
  referenceNo: "894"
  orderId: "c58877f2-4022-4f2f-ab2f-032ed9ea5589"
  Assets:CurrentAssets:Cash:CashInHand -3346.50 HKD
  type: "Bill Payment"
  sourceId: "8b11fabc-0d4d-456f-b6df-731c7efff6b0"
  referenceNo: "894"
  orderId: "c58877f2-4022-4f2f-ab2f-032ed9ea5589"
2023-11-29 * "Bill #900 kpay107"
  referenceNo: "900"
  orderId: "10f89b04-f37a-48ce-b49a-6a811bb799af"
  type: "Bill"
  Expenses:GeneralExpense:CardFeeExpense 1471.72 HKD
  qty: "1"
  description: "100560-99088.28 = 1471.72"
  referenceNo: "900"
  orderId: "10f89b04-f37a-48ce-b49a-6a811bb799af"
  type: "Bill Item"
  sourceId: "16ec9fdd-604c-4e61-8b2f-37652f73b509"
  Liabilities:CurrentLiabilities:AccountPayable
  referenceNo: "900"
  orderId: "10f89b04-f37a-48ce-b49a-6a811bb799af"
  type: "Bill"
  sourceId: "10f89b04-f37a-48ce-b49a-6a811bb799af"
  contact: "998 12345821 (KPAY) [5a706f32-7edc-48d8-ae47-62fee1e8bba1]"
2023-11-29 * "Bill #898 SALARY 23年11月"
  referenceNo: "898"
  orderId: "681d2a09-b649-4d3a-9ed8-3e8e3d75c5d0"
  type: "Bill"
  Expenses:GeneralExpense:WagesAndSalaries 66150.00 HKD
  qty: "1"
  description: "SALARY 23年11月"
  referenceNo: "898"
  orderId: "681d2a09-b649-4d3a-9ed8-3e8e3d75c5d0"
  type: "Bill Item"
  sourceId: "db11e926-3e88-466a-993c-08f965734bf8"
  Liabilities:CurrentLiabilities:AccountPayable
  referenceNo: "898"
  orderId: "681d2a09-b649-4d3a-9ed8-3e8e3d75c5d0"
  type: "Bill"
  sourceId: "681d2a09-b649-4d3a-9ed8-3e8e3d75c5d0"
  contact: "880 806 () [53b8789a-4451-4a1f-84f7-a9c5da7ada1a]"
2023-11-29 * "880 806 () [53b8789a-4451-4a1f-84f7-a9c5da7ada1a]" "Bill Payment for Bill #898 #dfc77dc4-02a0-4e8c-9793-2db460060de7"
  Liabilities:CurrentLiabilities:AccountPayable 66150.00 HKD
  contact: "880 806 () [53b8789a-4451-4a1f-84f7-a9c5da7ada1a]"
  type: "Bill Payment"
  sourceId: "dfc77dc4-02a0-4e8c-9793-2db460060de7"
  referenceNo: "898"
  orderId: "681d2a09-b649-4d3a-9ed8-3e8e3d75c5d0"
  Assets:CurrentAssets:Bank:BocSavingBank -66150.00 HKD
  type: "Bill Payment"
  sourceId: "dfc77dc4-02a0-4e8c-9793-2db460060de7"
  referenceNo: "898"
  orderId: "681d2a09-b649-4d3a-9ed8-3e8e3d75c5d0"
2023-11-29 * "998 12345821 (KPAY) [5a706f32-7edc-48d8-ae47-62fee1e8bba1]" "Bill Payment for Bill #900 #30590506-37b8-42a3-a144-9f12e11c539f"
  Liabilities:CurrentLiabilities:AccountPayable 1471.72 HKD
  contact: "998 12345821 (KPAY) [5a706f32-7edc-48d8-ae47-62fee1e8bba1]"
  type: "Bill Payment"
  sourceId: "30590506-37b8-42a3-a144-9f12e11c539f"
  referenceNo: "900"
  orderId: "10f89b04-f37a-48ce-b49a-6a811bb799af"
  Assets:CurrentAssets:Bank:KpayBank -1471.72 HKD
  type: "Bill Payment"
  sourceId: "30590506-37b8-42a3-a144-9f12e11c539f"
  referenceNo: "900"
  orderId: "10f89b04-f37a-48ce-b49a-6a811bb799af"
2023-11-29 * "Invoice #309 STAFF SALE"
  Income:Sales:SalesItem:SellGoldJewelry -3144.00 HKD
  category: "Gold Jewelry"
  sku: "GN000001"
  qty: 6
  referenceNo: "309"
  orderId: "9bab3464-5c87-4291-83a6-470cb778c898"
  type: "Invoice Item"
  sourceId: "c2e13379-d845-48de-8235-6434b36f794a"
  Assets:CurrentAssets:AccountReceivable
  referenceNo: "309"
  orderId: "9bab3464-5c87-4291-83a6-470cb778c898"
  type: "Invoice"
  sourceId: "9bab3464-5c87-4291-83a6-470cb778c898"
  contact: "852 66233965 () [06168dfc-3066-487a-bc6e-4d561c812ac9]"
2023-11-29 * "Invoice #311 "
  Income:Sales:SalesItem:SellGoldJewelry -2611.00 HKD
  category: "Gold Jewelry"
  sku: "DD2310200000000000000026"
  qty: 1
  referenceNo: "311"
  orderId: "848df183-f585-4314-afbf-32f8df995003"
  type: "Invoice Item"
  sourceId: "f0debc29-fa59-447d-9285-caa12648f62b"
  Assets:CurrentAssets:AccountReceivable
  referenceNo: "311"
  orderId: "848df183-f585-4314-afbf-32f8df995003"
  type: "Invoice"
  sourceId: "848df183-f585-4314-afbf-32f8df995003"
  contact: "880 802 (Walkin) [42348712-7daa-4c29-93b7-756b472429a4]"
2023-11-29 * "Invoice #310 AA39211"
  Income:Sales:SalesItem:SellGoldJewelry -3362.00 HKD
  category: "Gold Jewelry"
  sku: "DDFF23051704000000000089"
  qty: 1
  referenceNo: "310"
  orderId: "33e4a258-50c0-4178-8270-2948cb23b1f2"
  type: "Invoice Item"
  sourceId: "2b20abad-b6ef-47d2-860d-205edee88cc5"
  Assets:CurrentAssets:AccountReceivable
  referenceNo: "310"
  orderId: "33e4a258-50c0-4178-8270-2948cb23b1f2"
  type: "Invoice"
  sourceId: "33e4a258-50c0-4178-8270-2948cb23b1f2"
  contact: "880 802 (Walkin) [42348712-7daa-4c29-93b7-756b472429a4]"
2023-11-29 * "Assets:CurrentAssets:Cash:CashInHand" "Invoice Payment for Invoice #309 #f01d1830-3af6-484f-889a-e1b54012cf91"
  Assets:CurrentAssets:Cash:CashInHand 3144.00 HKD
  type: "Invoice Payment"
  sourceId: "f01d1830-3af6-484f-889a-e1b54012cf91"
  referenceNo: "309"
  orderId: "9bab3464-5c87-4291-83a6-470cb778c898"
  Assets:CurrentAssets:AccountReceivable -3144.00 HKD
  type: "Invoice Payment"
  sourceId: "f01d1830-3af6-484f-889a-e1b54012cf91"
  referenceNo: "309"
  orderId: "9bab3464-5c87-4291-83a6-470cb778c898"
  contact: "852 66233965 () [06168dfc-3066-487a-bc6e-4d561c812ac9]"
2023-11-30 * "Invoice #312 INTEREST"
  Income:OtherIncome:Interest-bank -52.14 HKD
  description: "BANK INTEREST"
  qty: 1
  referenceNo: "312"
  orderId: "6553d6d3-377a-4d12-9b9f-d01f455db240"
  type: "Invoice Item"
  sourceId: "9d3af60b-3eeb-4eda-9492-07c51dba6e86"
  Assets:CurrentAssets:AccountReceivable
  referenceNo: "312"
  orderId: "6553d6d3-377a-4d12-9b9f-d01f455db240"
  type: "Invoice"
  sourceId: "6553d6d3-377a-4d12-9b9f-d01f455db240"
  contact: "998 12345835 (boc(bankofchina)) [82f385a7-d238-4826-9a12-e06648f93cdb]"
2023-11-30 * "Bill #1111 外援(楠楠) 11/23"
  referenceNo: "1111"
  orderId: "c2a76a4a-0e70-4033-b946-9000da09bdb2"
  type: "Bill"
  Expenses:GeneralExpense:AdvertisingAndBranding 11000.00 HKD
  qty: "1"
  description: "外援(楠楠)  11/23"
  referenceNo: "1111"
  orderId: "c2a76a4a-0e70-4033-b946-9000da09bdb2"
  type: "Bill Item"
  sourceId: "a340ad77-26d8-44ce-824e-a1ba751dc651"
  Liabilities:CurrentLiabilities:AccountPayable
  referenceNo: "1111"
  orderId: "c2a76a4a-0e70-4033-b946-9000da09bdb2"
  type: "Bill"
  sourceId: "c2a76a4a-0e70-4033-b946-9000da09bdb2"
  contact: "880 806 () [53b8789a-4451-4a1f-84f7-a9c5da7ada1a]"
2023-11-30 * "Assets:CurrentAssets:Bank:BocSavingBank" "Invoice Payment for Invoice #312 #368c8459-1631-489a-88fd-859dc188a192"
  Assets:CurrentAssets:Bank:BocSavingBank 52.14 HKD
  type: "Invoice Payment"
  sourceId: "368c8459-1631-489a-88fd-859dc188a192"
  referenceNo: "312"
  orderId: "6553d6d3-377a-4d12-9b9f-d01f455db240"
  Assets:CurrentAssets:AccountReceivable -52.14 HKD
  type: "Invoice Payment"
  sourceId: "368c8459-1631-489a-88fd-859dc188a192"
  referenceNo: "312"
  orderId: "6553d6d3-377a-4d12-9b9f-d01f455db240"
  contact: "998 12345835 (boc(bankofchina)) [82f385a7-d238-4826-9a12-e06648f93cdb]"
2023-11-30 * "880 806 () [53b8789a-4451-4a1f-84f7-a9c5da7ada1a]" "Bill Payment for Bill #1111 #16663ee7-6b05-4b25-a752-c606c568b95a"
  Liabilities:CurrentLiabilities:AccountPayable 11000.00 HKD
  contact: "880 806 () [53b8789a-4451-4a1f-84f7-a9c5da7ada1a]"
  type: "Bill Payment"
  sourceId: "16663ee7-6b05-4b25-a752-c606c568b95a"
  referenceNo: "1111"
  orderId: "c2a76a4a-0e70-4033-b946-9000da09bdb2"
  Liabilities:CurrentLiabilities:CurrentAccount:C-a-MilrichElectronicsHkCoLtd -11000.00 HKD
  type: "Bill Payment"
  sourceId: "16663ee7-6b05-4b25-a752-c606c568b95a"
  referenceNo: "1111"
  orderId: "c2a76a4a-0e70-4033-b946-9000da09bdb2"