; ORDER transactions for 2023-08

2023-08-01 * "880 806 () [53b8789a-4451-4a1f-84f7-a9c5da7ada1a]" "Bill Payment for Bill #1108 #72b70a7d-fdfc-4291-93fa-1f422d13094c"
  contact: "880 806 () [53b8789a-4451-4a1f-84f7-a9c5da7ada1a]"
  Liabilities:CurrentLiabilities:AccountPayable 85 HKD
  type: "Bill Payment"
  sourceId: "72b70a7d-fdfc-4291-93fa-1f422d13094c"
  referenceNo: "1108"
  orderId: "124680f3-9b00-4119-bc5c-8cf2491395b0"
  Liabilities:CurrentLiabilities:CurrentAccount:C-a-MilrichElectronicsHkCoLtd -85 HKD
  type: "Bill Payment"
  sourceId: "72b70a7d-fdfc-4291-93fa-1f422d13094c"
  referenceNo: "1108"
  orderId: "124680f3-9b00-4119-bc5c-8cf2491395b0"
2023-08-01 * "Invoice #217 STAFF SALE"
  Income:Sales:SalesItem:SellGoldJewelry -10500 HKD
  category: "Gold Jewelry"
  sku: "DDFF23051704000000000040"
  qty: 1
  referenceNo: "217"
  orderId: "6cf2e85a-8cfc-4706-90d2-2bbffea7382b"
  type: "Invoice Item"
  sourceId: "9e474223-57a6-4529-b7ad-b12a4a71189e"
  Assets:CurrentAssets:AccountReceivable
  referenceNo: "217"
  orderId: "6cf2e85a-8cfc-4706-90d2-2bbffea7382b"
  type: "Invoice"
  sourceId: "6cf2e85a-8cfc-4706-90d2-2bbffea7382b"
  contact: "852 66276697 ((MW) MS. TANG SAMANTHA ) [c84aeab0-e851-4d1f-9910-0629d505ab62]"
2023-08-01 * "Invoice #219 STAFF SALE"
  Income:Sales:SalesItem:SellGoldJewelry -15800 HKD
  category: "Gold Jewelry"
  sku: "DDFF23051204000000000032"
  qty: 1
  referenceNo: "219"
  orderId: "d141ae1f-d894-413b-9071-79b406291909"
  type: "Invoice Item"
  sourceId: "3dc55108-2930-40a3-a86a-750b00bf54dc"
  Income:Sales:SalesItem:SellGoldJewelry -13800 HKD
  category: "Gold Jewelry"
  sku: "DDFF23051704000000000038"
  qty: 1
  referenceNo: "219"
  orderId: "d141ae1f-d894-413b-9071-79b406291909"
  type: "Invoice Item"
  sourceId: "6d796ccb-cef8-4e3a-97be-be220d70047c"
  Income:Sales:SalesItem:SellGoldJewelry -680 HKD
  category: "Gold Jewelry"
  sku: "DDFF2305120A000000000038"
  qty: 1
  referenceNo: "219"
  orderId: "d141ae1f-d894-413b-9071-79b406291909"
  type: "Invoice Item"
  sourceId: "d7d1f1a5-c277-4bd2-a6ab-144dcdec5c3c"
  Income:Sales:SalesItem:SellGoldJewelry -600 HKD
  category: "Gold Jewelry"
  sku: "DDFF2305120A000000000045"
  qty: 1
  referenceNo: "219"
  orderId: "d141ae1f-d894-413b-9071-79b406291909"
  type: "Invoice Item"
  sourceId: "b9f8c6a0-392e-4e73-bd88-d3823b83ab28"
  Income:Sales:SalesItem:SellGoldJewelry -1380 HKD
  category: "Gold Jewelry"
  sku: "DDFF2305120A000000000064"
  qty: 1
  referenceNo: "219"
  orderId: "d141ae1f-d894-413b-9071-79b406291909"
  type: "Invoice Item"
  sourceId: "9e542aea-73f1-4aeb-918a-2bc436167c53"
  Income:Sales:SalesItem:SellGoldJewelry -11600 HKD
  category: "Gold Jewelry"
  sku: "DDFF23051704000000000036"
  qty: 1
  referenceNo: "219"
  orderId: "d141ae1f-d894-413b-9071-79b406291909"
  type: "Invoice Item"
  sourceId: "73c8298f-b7dd-4cb3-ab27-58184c050d15"
  Assets:CurrentAssets:AccountReceivable
  referenceNo: "219"
  orderId: "d141ae1f-d894-413b-9071-79b406291909"
  type: "Invoice"
  sourceId: "d141ae1f-d894-413b-9071-79b406291909"
  contact: "852 66276697 ((MW) MS. TANG SAMANTHA ) [c84aeab0-e851-4d1f-9910-0629d505ab62]"
2023-08-01 * "Assets:CurrentAssets:Bank:BocSavingBank" "Invoice Payment for Invoice #217 #963e9d9b-c6aa-4291-8408-02f9347ad76d"
  Assets:CurrentAssets:Bank:BocSavingBank 10500 HKD
  type: "Invoice Payment"
  sourceId: "963e9d9b-c6aa-4291-8408-02f9347ad76d"
  referenceNo: "217"
  orderId: "6cf2e85a-8cfc-4706-90d2-2bbffea7382b"
  Assets:CurrentAssets:AccountReceivable -10500 HKD
  type: "Invoice Payment"
  sourceId: "963e9d9b-c6aa-4291-8408-02f9347ad76d"
  referenceNo: "217"
  orderId: "6cf2e85a-8cfc-4706-90d2-2bbffea7382b"
  contact: "852 66276697 ((MW) MS. TANG SAMANTHA ) [c84aeab0-e851-4d1f-9910-0629d505ab62]"
2023-08-01 * "Assets:CurrentAssets:Bank:BocSavingBank" "Invoice Payment for Invoice #219 #dd720af5-8471-4827-91cf-209d95fb246d"
  Assets:CurrentAssets:Bank:BocSavingBank 43860 HKD
  type: "Invoice Payment"
  sourceId: "dd720af5-8471-4827-91cf-209d95fb246d"
  referenceNo: "219"
  orderId: "d141ae1f-d894-413b-9071-79b406291909"
  Assets:CurrentAssets:AccountReceivable -43860 HKD
  type: "Invoice Payment"
  sourceId: "dd720af5-8471-4827-91cf-209d95fb246d"
  referenceNo: "219"
  orderId: "d141ae1f-d894-413b-9071-79b406291909"
  contact: "852 66276697 ((MW) MS. TANG SAMANTHA ) [c84aeab0-e851-4d1f-9910-0629d505ab62]"
2023-08-01 * "852 96221974 (強哥 首飾加工師傅) [cef6a8eb-0892-4a7c-bfdc-328752af4fd5]" "Bill Payment for Bill #699 #5d4f9465-4d7d-4e33-956d-e31ee4a74a5a"
  contact: "852 96221974 (強哥 首飾加工師傅) [cef6a8eb-0892-4a7c-bfdc-328752af4fd5]"
  Liabilities:CurrentLiabilities:AccountPayable 600 HKD
  type: "Bill Payment"
  sourceId: "5d4f9465-4d7d-4e33-956d-e31ee4a74a5a"
  referenceNo: "699"
  orderId: "c2b221c1-252d-44c5-bf90-159d7ef61152"
  Assets:CurrentAssets:Cash:CashInHand -600 HKD
  type: "Bill Payment"
  sourceId: "5d4f9465-4d7d-4e33-956d-e31ee4a74a5a"
  referenceNo: "699"
  orderId: "c2b221c1-252d-44c5-bf90-159d7ef61152"
2023-08-01 * "Invoice #222 "
  Income:Sales:SalesItem:SellGoldJewelry -9457 HKD
  category: "Gold Jewelry"
  sku: "DDFF23051704000000000058"
  qty: 1
  referenceNo: "222"
  orderId: "6f7cb9a0-b0a2-40ab-a81e-fbfc0427c61a"
  type: "Invoice Item"
  sourceId: "253bdf20-aefa-4633-9108-792e129ae79e"
  Assets:CurrentAssets:AccountReceivable
  referenceNo: "222"
  orderId: "6f7cb9a0-b0a2-40ab-a81e-fbfc0427c61a"
  type: "Invoice"
  sourceId: "6f7cb9a0-b0a2-40ab-a81e-fbfc0427c61a"
  contact: "86 18807285203 (元先生) [80ae1a0b-4639-45a9-bd62-50b87f5f2d67]"
2023-08-01 * "Assets:CurrentAssets:Bank:KpayBank" "Invoice Payment for Invoice #222 #e611414c-3209-4c7a-89a6-c10d6ba42842"
  Assets:CurrentAssets:Bank:KpayBank 9457 HKD
  type: "Invoice Payment"
  sourceId: "e611414c-3209-4c7a-89a6-c10d6ba42842"
  referenceNo: "222"
  orderId: "6f7cb9a0-b0a2-40ab-a81e-fbfc0427c61a"
  Assets:CurrentAssets:AccountReceivable -9457 HKD
  type: "Invoice Payment"
  sourceId: "e611414c-3209-4c7a-89a6-c10d6ba42842"
  referenceNo: "222"
  orderId: "6f7cb9a0-b0a2-40ab-a81e-fbfc0427c61a"
  contact: "86 18807285203 (元先生) [80ae1a0b-4639-45a9-bd62-50b87f5f2d67]"
2023-08-01 * "Invoice #224 STAFF SALE"
  Income:Sales:SalesItem:SellGoldJewelry -4100 HKD
  category: "Gold Jewelry"
  sku: "DDFF23051205000000000017"
  qty: 1
  referenceNo: "224"
  orderId: "b1adfa71-1bf6-4c39-9592-72e383c9d531"
  type: "Invoice Item"
  sourceId: "e18d6aa6-ccea-4e21-84f6-7cd10213c24d"
  Assets:CurrentAssets:AccountReceivable
  referenceNo: "224"
  orderId: "b1adfa71-1bf6-4c39-9592-72e383c9d531"
  type: "Invoice"
  sourceId: "b1adfa71-1bf6-4c39-9592-72e383c9d531"
  contact: "998 12345753 (SALES#0005MARCUS) [6794a5fc-0eae-4ef7-8365-af47de4bcd7a]"
2023-08-01 * "Assets:CurrentAssets:Bank:KpayBank" "Invoice Payment for Invoice #224 #eece03c6-0712-4805-ad82-d44deb9a6d25"
  Assets:CurrentAssets:Bank:KpayBank 500 HKD
  type: "Invoice Payment"
  sourceId: "eece03c6-0712-4805-ad82-d44deb9a6d25"
  referenceNo: "224"
  orderId: "b1adfa71-1bf6-4c39-9592-72e383c9d531"
  Assets:CurrentAssets:AccountReceivable -500 HKD
  type: "Invoice Payment"
  sourceId: "eece03c6-0712-4805-ad82-d44deb9a6d25"
  referenceNo: "224"
  orderId: "b1adfa71-1bf6-4c39-9592-72e383c9d531"
  contact: "998 12345753 (SALES#0005MARCUS) [6794a5fc-0eae-4ef7-8365-af47de4bcd7a]"
2023-08-01 * "Assets:CurrentAssets:Cash:CashInHand" "Invoice Payment for Invoice #224 #5482699f-9543-49c5-a5e3-95c28bd5ae20"
  Assets:CurrentAssets:Cash:CashInHand 3600 HKD
  type: "Invoice Payment"
  sourceId: "5482699f-9543-49c5-a5e3-95c28bd5ae20"
  referenceNo: "224"
  orderId: "b1adfa71-1bf6-4c39-9592-72e383c9d531"
  Assets:CurrentAssets:AccountReceivable -3600 HKD
  type: "Invoice Payment"
  sourceId: "5482699f-9543-49c5-a5e3-95c28bd5ae20"
  referenceNo: "224"
  orderId: "b1adfa71-1bf6-4c39-9592-72e383c9d531"
  contact: "998 12345753 (SALES#0005MARCUS) [6794a5fc-0eae-4ef7-8365-af47de4bcd7a]"
2023-08-02 * "Bill #716 GENERAL EXP - 8.2"
  referenceNo: "716"
  orderId: "d3c8be25-38ce-41a5-9488-85fadd92bf1d"
  type: "Bill"
  Expenses:GeneralExpensesDirect 318.29 HKD
  qty: "1"
  description: "拖板 X4"
  referenceNo: "716"
  orderId: "d3c8be25-38ce-41a5-9488-85fadd92bf1d"
  type: "Bill Item"
  sourceId: "b0fb28c7-3252-4712-9f93-32816474fa66"
  Expenses:GeneralExpensesDirect 139.25 HKD
  qty: "1"
  description: "電線收納X4"
  referenceNo: "716"
  orderId: "d3c8be25-38ce-41a5-9488-85fadd92bf1d"
  type: "Bill Item"
  sourceId: "068d4226-acb2-4814-a9d7-ec23aa3db4d7"
  Expenses:GeneralExpensesDirect 111.51 HKD
  qty: "1"
  description: "紙杯+紙碟"
  referenceNo: "716"
  orderId: "d3c8be25-38ce-41a5-9488-85fadd92bf1d"
  type: "Bill Item"
  sourceId: "8ac918d1-66b1-4593-9886-e6eb21037aec"
  Liabilities:CurrentLiabilities:AccountPayable
  referenceNo: "716"
  orderId: "d3c8be25-38ce-41a5-9488-85fadd92bf1d"
  type: "Bill"
  sourceId: "d3c8be25-38ce-41a5-9488-85fadd92bf1d"
  contact: "880 806 () [53b8789a-4451-4a1f-84f7-a9c5da7ada1a]"
2023-08-02 * "Bill #1107 07/23 網頁設計費用 (Hazel)"
  referenceNo: "1107"
  orderId: "34138850-78a1-419f-adb7-6a972ce97a8f"
  type: "Bill"
  Expenses:AdvertisingAndBranding 10805 HKD
  qty: "1"
  description: "07/23 網頁設計費用 (Hazel)"
  referenceNo: "1107"
  orderId: "34138850-78a1-419f-adb7-6a972ce97a8f"
  type: "Bill Item"
  sourceId: "7a765dbd-10b4-4754-9162-575867dc49d7"
  Liabilities:CurrentLiabilities:AccountPayable
  referenceNo: "1107"
  orderId: "34138850-78a1-419f-adb7-6a972ce97a8f"
  type: "Bill"
  sourceId: "34138850-78a1-419f-adb7-6a972ce97a8f"
  contact: "880 806 () [53b8789a-4451-4a1f-84f7-a9c5da7ada1a]"
2023-08-02 * "880 806 () [53b8789a-4451-4a1f-84f7-a9c5da7ada1a]" "Bill Payment for Bill #1107 #623b6c11-d56e-4ab0-8771-3be74f6fdd14"
  contact: "880 806 () [53b8789a-4451-4a1f-84f7-a9c5da7ada1a]"
  Liabilities:CurrentLiabilities:AccountPayable 10805 HKD
  type: "Bill Payment"
  sourceId: "623b6c11-d56e-4ab0-8771-3be74f6fdd14"
  referenceNo: "1107"
  orderId: "34138850-78a1-419f-adb7-6a972ce97a8f"
  Liabilities:CurrentLiabilities:CurrentAccount:C-a-MilrichElectronicsHkCoLtd -10805 HKD
  type: "Bill Payment"
  sourceId: "623b6c11-d56e-4ab0-8771-3be74f6fdd14"
  referenceNo: "1107"
  orderId: "34138850-78a1-419f-adb7-6a972ce97a8f"
2023-08-02 * "880 806 () [53b8789a-4451-4a1f-84f7-a9c5da7ada1a]" "Bill Payment for Bill #716 #fe870771-3e73-4946-abf3-350fe3dbd32d"
  contact: "880 806 () [53b8789a-4451-4a1f-84f7-a9c5da7ada1a]"
  Liabilities:CurrentLiabilities:AccountPayable 569.05 HKD
  type: "Bill Payment"
  sourceId: "fe870771-3e73-4946-abf3-350fe3dbd32d"
  referenceNo: "716"
  orderId: "d3c8be25-38ce-41a5-9488-85fadd92bf1d"
  Assets:CurrentAssets:Bank:BocVisaCard-DavidBank -569.05 HKD
  type: "Bill Payment"
  sourceId: "fe870771-3e73-4946-abf3-350fe3dbd32d"
  referenceNo: "716"
  orderId: "d3c8be25-38ce-41a5-9488-85fadd92bf1d"
2023-08-02 * "Bill #701 10H10A GIA PURCHASE"
  referenceNo: "701"
  orderId: "b768c8ae-9528-4e54-b3c3-2a156af92e0d"
  type: "Bill"
  Expenses:CostOfSales:Purchase:PurchaseItem:BuyDiamond 9500 CNY
  category: "Natural Diamond"
  sku: "DDFFFFFF0800006231383249"
  qty: 1
  referenceNo: "701"
  orderId: "b768c8ae-9528-4e54-b3c3-2a156af92e0d"
  type: "Bill Item"
  sourceId: "45fcc1a7-47ac-4c70-b801-37bb4f5680ea"
  Liabilities:CurrentLiabilities:AccountPayable
  referenceNo: "701"
  orderId: "b768c8ae-9528-4e54-b3c3-2a156af92e0d"
  type: "Bill"
  sourceId: "b768c8ae-9528-4e54-b3c3-2a156af92e0d"
  contact: "998 12345841 (俊景珠寶有限公司) [7de5c35d-22af-47a5-bb17-87d474352f46]"
2023-08-02 * "Bill #700 kpay077"
  referenceNo: "700"
  orderId: "e19a0c99-09d6-440a-8e64-34b4632768ba"
  type: "Bill"
  Expenses:CardFeeExpense 156.1 HKD
  qty: "1"
  description: "10500 - 10343.9 = 156.1"
  referenceNo: "700"
  orderId: "e19a0c99-09d6-440a-8e64-34b4632768ba"
  type: "Bill Item"
  sourceId: "499bf155-1aff-4198-99cf-d84bf929dc82"
  Liabilities:CurrentLiabilities:AccountPayable
  referenceNo: "700"
  orderId: "e19a0c99-09d6-440a-8e64-34b4632768ba"
  type: "Bill"
  sourceId: "e19a0c99-09d6-440a-8e64-34b4632768ba"
  contact: "998 12345821 (KPAY) [5a706f32-7edc-48d8-ae47-62fee1e8bba1]"
2023-08-02 * "998 12345821 (KPAY) [5a706f32-7edc-48d8-ae47-62fee1e8bba1]" "Bill Payment for Bill #700 #9368126c-82db-4946-8a9a-175d03696b87"
  contact: "998 12345821 (KPAY) [5a706f32-7edc-48d8-ae47-62fee1e8bba1]"
  Liabilities:CurrentLiabilities:AccountPayable 156.1 HKD
  type: "Bill Payment"
  sourceId: "9368126c-82db-4946-8a9a-175d03696b87"
  referenceNo: "700"
  orderId: "e19a0c99-09d6-440a-8e64-34b4632768ba"
  Assets:CurrentAssets:Bank:KpayBank -156.1 HKD
  type: "Bill Payment"
  sourceId: "9368126c-82db-4946-8a9a-175d03696b87"
  referenceNo: "700"
  orderId: "e19a0c99-09d6-440a-8e64-34b4632768ba"
2023-08-03 * "Bill #826 DKK 網頁支援 (台灣外判)"
  referenceNo: "826"
  orderId: "4f141dbd-d4d8-4432-a00f-29ac7a2e0100"
  type: "Bill"
  Expenses:WebErpDev 2165 HKD
  qty: "1"
  description: "DKK 網頁設計費用 - 台灣外判"
  referenceNo: "826"
  orderId: "4f141dbd-d4d8-4432-a00f-29ac7a2e0100"
  type: "Bill Item"
  sourceId: "3cc861a7-af3a-481a-a20f-751638667975"
  Liabilities:CurrentLiabilities:AccountPayable
  referenceNo: "826"
  orderId: "4f141dbd-d4d8-4432-a00f-29ac7a2e0100"
  type: "Bill"
  sourceId: "4f141dbd-d4d8-4432-a00f-29ac7a2e0100"
  contact: "880 806 () [53b8789a-4451-4a1f-84f7-a9c5da7ada1a]"
2023-08-03 * "880 806 () [53b8789a-4451-4a1f-84f7-a9c5da7ada1a]" "Bill Payment for Bill #826 #fd10f82b-4afc-48b5-8abf-317c77ab0ba6"
  contact: "880 806 () [53b8789a-4451-4a1f-84f7-a9c5da7ada1a]"
  Liabilities:CurrentLiabilities:AccountPayable 2165 HKD
  type: "Bill Payment"
  sourceId: "fd10f82b-4afc-48b5-8abf-317c77ab0ba6"
  referenceNo: "826"
  orderId: "4f141dbd-d4d8-4432-a00f-29ac7a2e0100"
  Liabilities:CurrentLiabilities:CurrentAccount:C-a-MilrichElectronicsHkCoLtd -2165 HKD
  type: "Bill Payment"
  sourceId: "fd10f82b-4afc-48b5-8abf-317c77ab0ba6"
  referenceNo: "826"
  orderId: "4f141dbd-d4d8-4432-a00f-29ac7a2e0100"
2023-08-04 * "Bill #1255 PROMISE NETWORK PRIN"
  referenceNo: "1255"
  orderId: "9d63081b-9f65-47bf-b533-dc3c6b94a0d2"
  type: "Bill"
  Expenses:OfficeExpenses 645 HKD
  qty: "1"
  description: "PROMISE NETWORK PRIN"
  referenceNo: "1255"
  orderId: "9d63081b-9f65-47bf-b533-dc3c6b94a0d2"
  type: "Bill Item"
  sourceId: "ad21eede-9b52-4dfc-b50b-39876706dc96"
  Liabilities:CurrentLiabilities:AccountPayable
  referenceNo: "1255"
  orderId: "9d63081b-9f65-47bf-b533-dc3c6b94a0d2"
  type: "Bill"
  sourceId: "9d63081b-9f65-47bf-b533-dc3c6b94a0d2"
  contact: "880 806 () [53b8789a-4451-4a1f-84f7-a9c5da7ada1a]"
2023-08-04 * "880 806 () [53b8789a-4451-4a1f-84f7-a9c5da7ada1a]" "Bill Payment for Bill #1255 #f804d90b-a25d-40d3-ac61-9e6fd36b8ee0"
  contact: "880 806 () [53b8789a-4451-4a1f-84f7-a9c5da7ada1a]"
  Liabilities:CurrentLiabilities:AccountPayable 645 HKD
  type: "Bill Payment"
  sourceId: "f804d90b-a25d-40d3-ac61-9e6fd36b8ee0"
  referenceNo: "1255"
  orderId: "9d63081b-9f65-47bf-b533-dc3c6b94a0d2"
  Assets:CurrentAssets:Bank:BocVisaCard-DavidBank -645 HKD
  type: "Bill Payment"
  sourceId: "f804d90b-a25d-40d3-ac61-9e6fd36b8ee0"
  referenceNo: "1255"
  orderId: "9d63081b-9f65-47bf-b533-dc3c6b94a0d2"
2023-08-04 * "Bill #705 kpay078"
  referenceNo: "705"
  orderId: "c3a0da7c-fb2b-40a4-ae53-c364405ea643"
  type: "Bill"
  Expenses:CardFeeExpense 120.48 HKD
  qty: "1"
  description: "9957-9836.52=120.48"
  referenceNo: "705"
  orderId: "c3a0da7c-fb2b-40a4-ae53-c364405ea643"
  type: "Bill Item"
  sourceId: "27b6b507-e17d-460e-8ea8-02cebdcd4caf"
  Liabilities:CurrentLiabilities:AccountPayable
  referenceNo: "705"
  orderId: "c3a0da7c-fb2b-40a4-ae53-c364405ea643"
  type: "Bill"
  sourceId: "c3a0da7c-fb2b-40a4-ae53-c364405ea643"
  contact: "998 12345821 (KPAY) [5a706f32-7edc-48d8-ae47-62fee1e8bba1]"
2023-08-04 * "998 12345821 (KPAY) [5a706f32-7edc-48d8-ae47-62fee1e8bba1]" "Bill Payment for Bill #705 #57f6c41e-75cf-4db5-8ec9-cc17680b6d4b"
  contact: "998 12345821 (KPAY) [5a706f32-7edc-48d8-ae47-62fee1e8bba1]"
  Liabilities:CurrentLiabilities:AccountPayable 120.48 HKD
  type: "Bill Payment"
  sourceId: "57f6c41e-75cf-4db5-8ec9-cc17680b6d4b"
  referenceNo: "705"
  orderId: "c3a0da7c-fb2b-40a4-ae53-c364405ea643"
  Assets:CurrentAssets:Bank:KpayBank -120.48 HKD
  type: "Bill Payment"
  sourceId: "57f6c41e-75cf-4db5-8ec9-cc17680b6d4b"
  referenceNo: "705"
  orderId: "c3a0da7c-fb2b-40a4-ae53-c364405ea643"
2023-08-05 * "998 12345841 (俊景珠寶有限公司) [7de5c35d-22af-47a5-bb17-87d474352f46]" "Bill Payment for Bill #576 #599ca3e4-a2f7-45d0-977d-5bfcb4ab82a3"
  contact: "998 12345841 (俊景珠寶有限公司) [7de5c35d-22af-47a5-bb17-87d474352f46]"
  Liabilities:CurrentLiabilities:AccountPayable 2135 HKD
  type: "Bill Payment"
  sourceId: "599ca3e4-a2f7-45d0-977d-5bfcb4ab82a3"
  referenceNo: "576"
  orderId: "66c7ea5a-9a74-432a-884f-3716e4831df5"
  Assets:CurrentAssets:Cash:CashInHand -2135 HKD
  type: "Bill Payment"
  sourceId: "599ca3e4-a2f7-45d0-977d-5bfcb4ab82a3"
  referenceNo: "576"
  orderId: "66c7ea5a-9a74-432a-884f-3716e4831df5"
2023-08-05 * "Invoice #226 AA39262"
  Income:Sales:SalesItem:SellBespokeorotherFee -300 HKD
  category: "Other"
  sku: "Processing 038"
  qty: 1
  referenceNo: "226"
  orderId: "0b7eb283-1330-453a-8271-e1cb253cca1e"
  type: "Invoice Item"
  sourceId: "158a539c-9667-41bd-8ed0-4d58ddd78f6d"
  Assets:CurrentAssets:AccountReceivable
  referenceNo: "226"
  orderId: "0b7eb283-1330-453a-8271-e1cb253cca1e"
  type: "Invoice"
  sourceId: "0b7eb283-1330-453a-8271-e1cb253cca1e"
  contact: "852 91023164 (MR. FONG) [807a41cd-96e4-4233-a5df-1aa43698bb3b]"
2023-08-05 * "Bill #706 INV#344 RESIZE,"
  referenceNo: "706"
  orderId: "99e0e2d3-34a4-4a3d-b18f-42e9661c1bca"
  type: "Bill"
  Expenses:CostOfSales:Purchase:PurchaseItem:BuyCost-ProcessingFee 250 HKD
  category: "Other"
  sku: "Processing 037"
  qty: 1
  referenceNo: "706"
  orderId: "99e0e2d3-34a4-4a3d-b18f-42e9661c1bca"
  type: "Bill Item"
  sourceId: "7c8ede04-3204-41d0-8385-09c6770bdc76"
  Liabilities:CurrentLiabilities:AccountPayable
  referenceNo: "706"
  orderId: "99e0e2d3-34a4-4a3d-b18f-42e9661c1bca"
  type: "Bill"
  sourceId: "99e0e2d3-34a4-4a3d-b18f-42e9661c1bca"
  contact: "852 96221974 (強哥 首飾加工師傅) [cef6a8eb-0892-4a7c-bfdc-328752af4fd5]"
2023-08-05 * "Assets:CurrentAssets:Cash:CashInHand" "Invoice Payment for Invoice #226 #2f5b9c5c-c3f5-45ef-bccb-3b7d27d11650"
  Assets:CurrentAssets:Cash:CashInHand 300 HKD
  type: "Invoice Payment"
  sourceId: "2f5b9c5c-c3f5-45ef-bccb-3b7d27d11650"
  referenceNo: "226"
  orderId: "0b7eb283-1330-453a-8271-e1cb253cca1e"
  Assets:CurrentAssets:AccountReceivable -300 HKD
  type: "Invoice Payment"
  sourceId: "2f5b9c5c-c3f5-45ef-bccb-3b7d27d11650"
  referenceNo: "226"
  orderId: "0b7eb283-1330-453a-8271-e1cb253cca1e"
  contact: "852 91023164 (MR. FONG) [807a41cd-96e4-4233-a5df-1aa43698bb3b]"
2023-08-05 * "852 96221974 (強哥 首飾加工師傅) [cef6a8eb-0892-4a7c-bfdc-328752af4fd5]" "Bill Payment for Bill #706 #23cb33ed-5b5c-46c8-a76c-5b2e4d085c51"
  contact: "852 96221974 (強哥 首飾加工師傅) [cef6a8eb-0892-4a7c-bfdc-328752af4fd5]"
  Liabilities:CurrentLiabilities:AccountPayable 250 HKD
  type: "Bill Payment"
  sourceId: "23cb33ed-5b5c-46c8-a76c-5b2e4d085c51"
  referenceNo: "706"
  orderId: "99e0e2d3-34a4-4a3d-b18f-42e9661c1bca"
  Assets:CurrentAssets:Cash:CashInHand -250 HKD
  type: "Bill Payment"
  sourceId: "23cb33ed-5b5c-46c8-a76c-5b2e4d085c51"
  referenceNo: "706"
  orderId: "99e0e2d3-34a4-4a3d-b18f-42e9661c1bca"
2023-08-05 * "998 12345841 (俊景珠寶有限公司) [7de5c35d-22af-47a5-bb17-87d474352f46]" "Bill Payment for Bill #697 #18a8c8d8-3358-4080-9d43-3a12197155b8"
  contact: "998 12345841 (俊景珠寶有限公司) [7de5c35d-22af-47a5-bb17-87d474352f46]"
  Liabilities:CurrentLiabilities:AccountPayable 1480 CNY
  type: "Bill Payment"
  sourceId: "18a8c8d8-3358-4080-9d43-3a12197155b8"
  referenceNo: "697"
  orderId: "8042d120-c4fa-4c7e-bca7-f9e36c2e9082"
  Assets:CurrentAssets:Cash:CashInHand -1480 CNY
  type: "Bill Payment"
  sourceId: "18a8c8d8-3358-4080-9d43-3a12197155b8"
  referenceNo: "697"
  orderId: "8042d120-c4fa-4c7e-bca7-f9e36c2e9082"
2023-08-05 * "998 12345841 (俊景珠寶有限公司) [7de5c35d-22af-47a5-bb17-87d474352f46]" "Bill Payment for Bill #701 #803d6a11-4849-4a90-8f97-e502929ccd4f"
  contact: "998 12345841 (俊景珠寶有限公司) [7de5c35d-22af-47a5-bb17-87d474352f46]"
  Liabilities:CurrentLiabilities:AccountPayable 9500 CNY
  type: "Bill Payment"
  sourceId: "803d6a11-4849-4a90-8f97-e502929ccd4f"
  referenceNo: "701"
  orderId: "b768c8ae-9528-4e54-b3c3-2a156af92e0d"
  Assets:CurrentAssets:Cash:CashInHand -9500 CNY
  type: "Bill Payment"
  sourceId: "803d6a11-4849-4a90-8f97-e502929ccd4f"
  referenceNo: "701"
  orderId: "b768c8ae-9528-4e54-b3c3-2a156af92e0d"
2023-08-06 * "Invoice #227 AA39264"
  Income:Sales:SalesItem:SellGoldJewelry -1240 HKD
  category: "Gold Jewelry"
  sku: "DDFF23051205000000000005"
  qty: 1
  referenceNo: "227"
  orderId: "38c19213-7c57-4c50-952c-2d5cee5394c2"
  type: "Invoice Item"
  sourceId: "f3ae883d-cea3-4b66-8c5b-e7b0d84eb884"
  Income:Sales:SalesItem:SellGoldJewelry -4960 HKD
  category: "Gold Jewelry"
  sku: "DDFF23051705000000000002"
  qty: 1
  referenceNo: "227"
  orderId: "38c19213-7c57-4c50-952c-2d5cee5394c2"
  type: "Invoice Item"
  sourceId: "3a6b6945-9024-456d-9439-e334e879ff2d"
  Assets:CurrentAssets:AccountReceivable
  referenceNo: "227"
  orderId: "38c19213-7c57-4c50-952c-2d5cee5394c2"
  type: "Invoice"
  sourceId: "38c19213-7c57-4c50-952c-2d5cee5394c2"
  contact: "880 802 (Walk in) [42348712-7daa-4c29-93b7-756b472429a4]"
2023-08-06 * "Invoice #228 AA39263 "
  Income:Sales:SalesItem:SellGoldJewelry -2500 HKD
  category: "Gold Jewelry"
  sku: "DDFF23051707000000000014"
  qty: 1
  referenceNo: "228"
  orderId: "0c7a2eeb-8982-47e6-a0cf-291945d90da6"
  type: "Invoice Item"
  sourceId: "033727ab-7db2-4783-b9da-c5b89f337aa8"
  Assets:CurrentAssets:AccountReceivable
  referenceNo: "228"
  orderId: "0c7a2eeb-8982-47e6-a0cf-291945d90da6"
  type: "Invoice"
  sourceId: "0c7a2eeb-8982-47e6-a0cf-291945d90da6"
  contact: "880 802 (Walk in) [42348712-7daa-4c29-93b7-756b472429a4]"
2023-08-06 * "Assets:CurrentAssets:Bank:KpayBank" "Invoice Payment for Invoice #227 #042eedb5-dbda-42df-9c18-38ae6521220b"
  Assets:CurrentAssets:Bank:KpayBank 6200 HKD
  type: "Invoice Payment"
  sourceId: "042eedb5-dbda-42df-9c18-38ae6521220b"
  referenceNo: "227"
  orderId: "38c19213-7c57-4c50-952c-2d5cee5394c2"
  Assets:CurrentAssets:AccountReceivable -6200 HKD
  type: "Invoice Payment"
  sourceId: "042eedb5-dbda-42df-9c18-38ae6521220b"
  referenceNo: "227"
  orderId: "38c19213-7c57-4c50-952c-2d5cee5394c2"
  contact: "880 802 (Walk in) [42348712-7daa-4c29-93b7-756b472429a4]"
2023-08-06 * "Assets:CurrentAssets:Bank:KpayBank" "Invoice Payment for Invoice #228 #9a27f895-7509-47d7-9120-17eea65e26df"
  Assets:CurrentAssets:Bank:KpayBank 2500 HKD
  type: "Invoice Payment"
  sourceId: "9a27f895-7509-47d7-9120-17eea65e26df"
  referenceNo: "228"
  orderId: "0c7a2eeb-8982-47e6-a0cf-291945d90da6"
  Assets:CurrentAssets:AccountReceivable -2500 HKD
  type: "Invoice Payment"
  sourceId: "9a27f895-7509-47d7-9120-17eea65e26df"
  referenceNo: "228"
  orderId: "0c7a2eeb-8982-47e6-a0cf-291945d90da6"
  contact: "880 802 (Walk in) [42348712-7daa-4c29-93b7-756b472429a4]"
2023-08-07 * "Invoice #230 STAFF SALE"
  Income:Sales:SalesItem:SellGoldJewelry -1200 HKD
  category: "Gold Jewelry"
  sku: "DDFF23051706000000000014"
  qty: 1
  referenceNo: "230"
  orderId: "5401429f-61d1-4b1d-9d14-58b591f75952"
  type: "Invoice Item"
  sourceId: "436b1045-dc7b-4354-8a10-63093db84a48"
  Income:Sales:SalesItem:Sell18kJewelry -9500 HKD
  category: "Jewelry"
  sku: "DDFF23062106000000000012"
  qty: 1
  referenceNo: "230"
  orderId: "5401429f-61d1-4b1d-9d14-58b591f75952"
  type: "Invoice Item"
  sourceId: "6bea7258-6747-4267-a459-5cf8545150cf"
  Income:Sales:SalesItem:SellGoldJewelry -1500 HKD
  category: "Gold Jewelry"
  sku: "DDFF23051706000000000022"
  qty: 1
  referenceNo: "230"
  orderId: "5401429f-61d1-4b1d-9d14-58b591f75952"
  type: "Invoice Item"
  sourceId: "f23f4337-33ee-41ca-8fe8-694e83686164"
  Assets:CurrentAssets:AccountReceivable
  referenceNo: "230"
  orderId: "5401429f-61d1-4b1d-9d14-58b591f75952"
  type: "Invoice"
  sourceId: "5401429f-61d1-4b1d-9d14-58b591f75952"
  contact: "852 94646666 (PHOEBE) [d704c773-f043-4ce9-b299-a89253ec6d15]"
2023-08-07 * "Invoice #229 STAFF SALE"
  Income:Sales:SalesItem:SellGoldJewelry -1800 HKD
  category: "Gold Jewelry"
  sku: "DDFF2305120A000000000060"
  qty: 1
  referenceNo: "229"
  orderId: "f85bd6ce-6ac2-45b3-882b-0f68aa68fa57"
  type: "Invoice Item"
  sourceId: "c73b6824-df3b-4774-95ee-2e050868f9b2"
  Assets:CurrentAssets:AccountReceivable
  referenceNo: "229"
  orderId: "f85bd6ce-6ac2-45b3-882b-0f68aa68fa57"
  type: "Invoice"
  sourceId: "f85bd6ce-6ac2-45b3-882b-0f68aa68fa57"
  contact: "852 94646666 (PHOEBE) [d704c773-f043-4ce9-b299-a89253ec6d15]"
2023-08-07 * "Bill #708 輻射機2牌照費"
  referenceNo: "708"
  orderId: "d05812d8-0103-4756-92fc-2c8d3d0a982b"
  type: "Bill"
  Expenses:LegalAndProfessionalFee 1150 HKD
  qty: "1"
  description: "輻射機2牌照費"
  referenceNo: "708"
  orderId: "d05812d8-0103-4756-92fc-2c8d3d0a982b"
  type: "Bill Item"
  sourceId: "946714f4-60d6-4532-bc8d-5534fa4bb312"
  Liabilities:CurrentLiabilities:AccountPayable
  referenceNo: "708"
  orderId: "d05812d8-0103-4756-92fc-2c8d3d0a982b"
  type: "Bill"
  sourceId: "d05812d8-0103-4756-92fc-2c8d3d0a982b"
  contact: "880 806 () [53b8789a-4451-4a1f-84f7-a9c5da7ada1a]"
2023-08-07 * "Assets:CurrentAssets:Bank:EpsBank" "Invoice Payment for Invoice #229 #017e8c3e-fc6d-4fbc-83df-4362a0e2bbba"
  Assets:CurrentAssets:Bank:EpsBank 1800 HKD
  type: "Invoice Payment"
  sourceId: "017e8c3e-fc6d-4fbc-83df-4362a0e2bbba"
  referenceNo: "229"
  orderId: "f85bd6ce-6ac2-45b3-882b-0f68aa68fa57"
  Assets:CurrentAssets:AccountReceivable -1800 HKD
  type: "Invoice Payment"
  sourceId: "017e8c3e-fc6d-4fbc-83df-4362a0e2bbba"
  referenceNo: "229"
  orderId: "f85bd6ce-6ac2-45b3-882b-0f68aa68fa57"
  contact: "852 94646666 (PHOEBE) [d704c773-f043-4ce9-b299-a89253ec6d15]"
2023-08-07 * "Assets:CurrentAssets:Bank:EpsBank" "Invoice Payment for Invoice #230 #46c1622e-15be-4476-8e97-2779b1026b34"
  Assets:CurrentAssets:Bank:EpsBank 12200 HKD
  type: "Invoice Payment"
  sourceId: "46c1622e-15be-4476-8e97-2779b1026b34"
  referenceNo: "230"
  orderId: "5401429f-61d1-4b1d-9d14-58b591f75952"
  Assets:CurrentAssets:AccountReceivable -12200 HKD
  type: "Invoice Payment"
  sourceId: "46c1622e-15be-4476-8e97-2779b1026b34"
  referenceNo: "230"
  orderId: "5401429f-61d1-4b1d-9d14-58b591f75952"
  contact: "852 94646666 (PHOEBE) [d704c773-f043-4ce9-b299-a89253ec6d15]"
2023-08-07 * "880 806 () [53b8789a-4451-4a1f-84f7-a9c5da7ada1a]" "Bill Payment for Bill #708 #e152853c-f17c-4ce3-bdc2-15e701e4b973"
  contact: "880 806 () [53b8789a-4451-4a1f-84f7-a9c5da7ada1a]"
  Liabilities:CurrentLiabilities:AccountPayable 1150 HKD
  type: "Bill Payment"
  sourceId: "e152853c-f17c-4ce3-bdc2-15e701e4b973"
  referenceNo: "708"
  orderId: "d05812d8-0103-4756-92fc-2c8d3d0a982b"
  Assets:CurrentAssets:Bank:BocCurrentBank -1150 HKD
  type: "Bill Payment"
  sourceId: "e152853c-f17c-4ce3-bdc2-15e701e4b973"
  referenceNo: "708"
  orderId: "d05812d8-0103-4756-92fc-2c8d3d0a982b"
2023-08-08 * "Invoice #232 "
  Income:Sales:SalesItem:SellDiamond -48000 HKD
  category: "Natural Diamond"
  sku: "DDFFFFFF0800001142688752"
  qty: 1
  referenceNo: "232"
  orderId: "95d223fb-fcf9-46a2-8d5b-8f6f95b06b64"
  type: "Invoice Item"
  sourceId: "62eeb86a-c0e1-4562-aac6-e169e1da47ec"
  Income:Sales:SalesItem:Sell18kJewelry -0 HKD
  category: "Ring Setting"
  sku: "BESPOKE00001"
  qty: 1
  referenceNo: "232"
  orderId: "95d223fb-fcf9-46a2-8d5b-8f6f95b06b64"
  type: "Invoice Item"
  sourceId: "e0d43416-4499-4c52-a7f4-2c6c8451a5a9"
  Assets:CurrentAssets:AccountReceivable
  referenceNo: "232"
  orderId: "95d223fb-fcf9-46a2-8d5b-8f6f95b06b64"
  type: "Invoice"
  sourceId: "95d223fb-fcf9-46a2-8d5b-8f6f95b06b64"
  contact: "852 67704799 (MR LEE) [1373228a-432c-4a81-b5cb-555048a05f7b]"
2023-08-08 * "Assets:CurrentAssets:Bank:KpayBank" "Invoice Payment for Invoice #232 #7dfd8394-4f27-4c55-beff-31ba0892a8b8"
  Assets:CurrentAssets:Bank:KpayBank 33600 HKD
  type: "Invoice Payment"
  sourceId: "7dfd8394-4f27-4c55-beff-31ba0892a8b8"
  referenceNo: "232"
  orderId: "95d223fb-fcf9-46a2-8d5b-8f6f95b06b64"
  Assets:CurrentAssets:AccountReceivable -33600 HKD
  type: "Invoice Payment"
  sourceId: "7dfd8394-4f27-4c55-beff-31ba0892a8b8"
  referenceNo: "232"
  orderId: "95d223fb-fcf9-46a2-8d5b-8f6f95b06b64"
  contact: "852 67704799 (MR LEE) [1373228a-432c-4a81-b5cb-555048a05f7b]"
2023-08-09 * "Bill #707 INV#355訂貨, NO.230026"
  referenceNo: "707"
  orderId: "94c49982-6496-45ea-a3b4-9f79f9519aea"
  type: "Bill"
  Expenses:CostOfSales:Purchase:PurchaseItem:Buy18kJewelry 2081 HKD
  category: "Ring Setting"
  sku: "BESPOKE00001"
  qty: 1
  referenceNo: "707"
  orderId: "94c49982-6496-45ea-a3b4-9f79f9519aea"
  type: "Bill Item"
  sourceId: "82767e81-2860-44ea-9f7b-62057b0948d1"
  Liabilities:CurrentLiabilities:AccountPayable
  referenceNo: "707"
  orderId: "94c49982-6496-45ea-a3b4-9f79f9519aea"
  type: "Bill"
  sourceId: "94c49982-6496-45ea-a3b4-9f79f9519aea"
  contact: "998 12345767 (SkyHigh Holdings Group Ltd) [efdca012-5d6e-4361-8ec7-f5566615d58a]"
2023-08-09 * "Bill #709 INV#355 GIA PURCHASE, SE/2400149"
  referenceNo: "709"
  orderId: "00db20d3-ab85-43b0-830f-fc768cc460b3"
  type: "Bill"
  Expenses:CostOfSales:Purchase:PurchaseItem:BuyDiamond 39425.72 HKD
  category: "Natural Diamond"
  sku: "DDFFFFFF0800001142688752"
  qty: 1
  referenceNo: "709"
  orderId: "00db20d3-ab85-43b0-830f-fc768cc460b3"
  type: "Bill Item"
  sourceId: "5bd869a4-845f-4112-a176-d7eb49c77a5c"
  Liabilities:CurrentLiabilities:AccountPayable
  referenceNo: "709"
  orderId: "00db20d3-ab85-43b0-830f-fc768cc460b3"
  type: "Bill"
  sourceId: "00db20d3-ab85-43b0-830f-fc768cc460b3"
  contact: "998 12345716 (HDL- HRISHI DIAM LTD.) [65487079-78f7-426a-a840-aa15185d2526]"
2023-08-09 * "998 12345716 (HDL- HRISHI DIAM LTD.) [65487079-78f7-426a-a840-aa15185d2526]" "Bill Payment for Bill #709 #ff0f518b-3451-4f1f-85f4-3f1f7f7b3933"
  contact: "998 12345716 (HDL- HRISHI DIAM LTD.) [65487079-78f7-426a-a840-aa15185d2526]"
  Liabilities:CurrentLiabilities:AccountPayable 39425.72 HKD
  type: "Bill Payment"
  sourceId: "ff0f518b-3451-4f1f-85f4-3f1f7f7b3933"
  referenceNo: "709"
  orderId: "00db20d3-ab85-43b0-830f-fc768cc460b3"
  Assets:CurrentAssets:Bank:BocSavingBank -39425.72 HKD
  type: "Bill Payment"
  sourceId: "ff0f518b-3451-4f1f-85f4-3f1f7f7b3933"
  referenceNo: "709"
  orderId: "00db20d3-ab85-43b0-830f-fc768cc460b3"
2023-08-09 * "Bill #710 BANK FEE"
  referenceNo: "710"
  orderId: "cf952ad2-7c08-4811-a892-1c084a02f1a0"
  type: "Bill"
  Expenses:BankFeesExpense 55 HKD
  qty: "1"
  description: "BANK FEE"
  referenceNo: "710"
  orderId: "cf952ad2-7c08-4811-a892-1c084a02f1a0"
  type: "Bill Item"
  sourceId: "8b119ac9-148b-4235-bf45-3e03aa2b1c1d"
  Liabilities:CurrentLiabilities:AccountPayable
  referenceNo: "710"
  orderId: "cf952ad2-7c08-4811-a892-1c084a02f1a0"
  type: "Bill"
  sourceId: "cf952ad2-7c08-4811-a892-1c084a02f1a0"
  contact: "880 806 () [53b8789a-4451-4a1f-84f7-a9c5da7ada1a]"
2023-08-09 * "880 806 () [53b8789a-4451-4a1f-84f7-a9c5da7ada1a]" "Bill Payment for Bill #710 #f35c1091-8f54-45c4-9ef6-3b1d31752093"
  contact: "880 806 () [53b8789a-4451-4a1f-84f7-a9c5da7ada1a]"
  Liabilities:CurrentLiabilities:AccountPayable 55 HKD
  type: "Bill Payment"
  sourceId: "f35c1091-8f54-45c4-9ef6-3b1d31752093"
  referenceNo: "710"
  orderId: "cf952ad2-7c08-4811-a892-1c084a02f1a0"
  Assets:CurrentAssets:Bank:BocSavingBank -55 HKD
  type: "Bill Payment"
  sourceId: "f35c1091-8f54-45c4-9ef6-3b1d31752093"
  referenceNo: "710"
  orderId: "cf952ad2-7c08-4811-a892-1c084a02f1a0"
2023-08-09 * "Bill #711 kpay079"
  referenceNo: "711"
  orderId: "276808fc-e0cc-43f0-a4d6-df7f8a8dea69"
  type: "Bill"
  Expenses:CardFeeExpense 105.4 HKD
  qty: "1"
  description: "(2500+6200)-8594.6 = 105.40"
  referenceNo: "711"
  orderId: "276808fc-e0cc-43f0-a4d6-df7f8a8dea69"
  type: "Bill Item"
  sourceId: "678d8f31-1b52-4314-8eca-702ab37596e3"
  Liabilities:CurrentLiabilities:AccountPayable
  referenceNo: "711"
  orderId: "276808fc-e0cc-43f0-a4d6-df7f8a8dea69"
  type: "Bill"
  sourceId: "276808fc-e0cc-43f0-a4d6-df7f8a8dea69"
  contact: "998 12345821 (KPAY) [5a706f32-7edc-48d8-ae47-62fee1e8bba1]"
2023-08-09 * "998 12345821 (KPAY) [5a706f32-7edc-48d8-ae47-62fee1e8bba1]" "Bill Payment for Bill #711 #891c8110-2b10-4a11-ac22-ef8770fafbff"
  contact: "998 12345821 (KPAY) [5a706f32-7edc-48d8-ae47-62fee1e8bba1]"
  Liabilities:CurrentLiabilities:AccountPayable 105.4 HKD
  type: "Bill Payment"
  sourceId: "891c8110-2b10-4a11-ac22-ef8770fafbff"
  referenceNo: "711"
  orderId: "276808fc-e0cc-43f0-a4d6-df7f8a8dea69"
  Assets:CurrentAssets:Bank:KpayBank -105.4 HKD
  type: "Bill Payment"
  sourceId: "891c8110-2b10-4a11-ac22-ef8770fafbff"
  referenceNo: "711"
  orderId: "276808fc-e0cc-43f0-a4d6-df7f8a8dea69"
2023-08-10 * "Bill #717 GENERAL EXP - 8.10"
  referenceNo: "717"
  orderId: "d6744687-8e44-4ebc-bdd3-8b4d5367ba39"
  type: "Bill"
  Expenses:GeneralExpensesDirect 316.35 HKD
  qty: "1"
  description: "電視底板"
  referenceNo: "717"
  orderId: "d6744687-8e44-4ebc-bdd3-8b4d5367ba39"
  type: "Bill Item"
  sourceId: "7359e27b-aa0a-4060-b11a-983ff29dbd00"
  Liabilities:CurrentLiabilities:AccountPayable
  referenceNo: "717"
  orderId: "d6744687-8e44-4ebc-bdd3-8b4d5367ba39"
  type: "Bill"
  sourceId: "d6744687-8e44-4ebc-bdd3-8b4d5367ba39"
  contact: "880 806 () [53b8789a-4451-4a1f-84f7-a9c5da7ada1a]"
2023-08-11 * "Bill #794 MIDJOURNEY INC. USD 30"
  referenceNo: "794"
  orderId: "fb276b9a-3573-4f24-89bd-f5f2c4aaac9d"
  type: "Bill"
  Expenses:WebErpDev 239.25 HKD
  qty: "1"
  description: "MIDJOURNEY INC. USD 30"
  referenceNo: "794"
  orderId: "fb276b9a-3573-4f24-89bd-f5f2c4aaac9d"
  type: "Bill Item"
  sourceId: "97980011-3616-4def-bcee-db31f8f5db0b"
  Liabilities:CurrentLiabilities:AccountPayable
  referenceNo: "794"
  orderId: "fb276b9a-3573-4f24-89bd-f5f2c4aaac9d"
  type: "Bill"
  sourceId: "fb276b9a-3573-4f24-89bd-f5f2c4aaac9d"
  contact: "880 806 () [53b8789a-4451-4a1f-84f7-a9c5da7ada1a]"
2023-08-11 * "Bill #795 淘寶集運"
  referenceNo: "795"
  orderId: "4b6b812e-1b33-40dd-8e55-3b27d480aa1c"
  type: "Bill"
  Expenses:OfficeExpenses 34.07 HKD
  qty: "1"
  description: "淘寶集運"
  referenceNo: "795"
  orderId: "4b6b812e-1b33-40dd-8e55-3b27d480aa1c"
  type: "Bill Item"
  sourceId: "a3c0ce44-8f6e-43ae-a5fe-2a3523f72495"
  Liabilities:CurrentLiabilities:AccountPayable
  referenceNo: "795"
  orderId: "4b6b812e-1b33-40dd-8e55-3b27d480aa1c"
  type: "Bill"
  sourceId: "4b6b812e-1b33-40dd-8e55-3b27d480aa1c"
  contact: "880 806 () [53b8789a-4451-4a1f-84f7-a9c5da7ada1a]"
2023-08-11 * "880 806 () [53b8789a-4451-4a1f-84f7-a9c5da7ada1a]" "Bill Payment for Bill #794 #d9eee74e-5616-4dfe-98c2-41149a9bfed1"
  contact: "880 806 () [53b8789a-4451-4a1f-84f7-a9c5da7ada1a]"
  Liabilities:CurrentLiabilities:AccountPayable 239.25 HKD
  type: "Bill Payment"
  sourceId: "d9eee74e-5616-4dfe-98c2-41149a9bfed1"
  referenceNo: "794"
  orderId: "fb276b9a-3573-4f24-89bd-f5f2c4aaac9d"
  Assets:CurrentAssets:Bank:BocVisaCard-DavidBank -239.25 HKD
  type: "Bill Payment"
  sourceId: "d9eee74e-5616-4dfe-98c2-41149a9bfed1"
  referenceNo: "794"
  orderId: "fb276b9a-3573-4f24-89bd-f5f2c4aaac9d"
2023-08-11 * "880 806 () [53b8789a-4451-4a1f-84f7-a9c5da7ada1a]" "Bill Payment for Bill #795 #03973833-1b4e-43ef-8bd4-f3876d82666a"
  contact: "880 806 () [53b8789a-4451-4a1f-84f7-a9c5da7ada1a]"
  Liabilities:CurrentLiabilities:AccountPayable 34.07 HKD
  type: "Bill Payment"
  sourceId: "03973833-1b4e-43ef-8bd4-f3876d82666a"
  referenceNo: "795"
  orderId: "4b6b812e-1b33-40dd-8e55-3b27d480aa1c"
  Assets:CurrentAssets:Bank:BocVisaCard-DavidBank -34.07 HKD
  type: "Bill Payment"
  sourceId: "03973833-1b4e-43ef-8bd4-f3876d82666a"
  referenceNo: "795"
  orderId: "4b6b812e-1b33-40dd-8e55-3b27d480aa1c"
2023-08-11 * "Bill #714 kpay080"
  referenceNo: "714"
  orderId: "6c981c35-2b67-4ecf-9e8e-c892979b3ec6"
  type: "Bill"
  Expenses:CardFeeExpense 505 HKD
  qty: "1"
  description: "33600-33095 = 505"
  referenceNo: "714"
  orderId: "6c981c35-2b67-4ecf-9e8e-c892979b3ec6"
  type: "Bill Item"
  sourceId: "331ee35f-cf6b-4048-953a-30239c03b8a4"
  Liabilities:CurrentLiabilities:AccountPayable
  referenceNo: "714"
  orderId: "6c981c35-2b67-4ecf-9e8e-c892979b3ec6"
  type: "Bill"
  sourceId: "6c981c35-2b67-4ecf-9e8e-c892979b3ec6"
  contact: "998 12345821 (KPAY) [5a706f32-7edc-48d8-ae47-62fee1e8bba1]"
2023-08-11 * "998 12345821 (KPAY) [5a706f32-7edc-48d8-ae47-62fee1e8bba1]" "Bill Payment for Bill #714 #5a34d99c-4dea-4562-a333-096691923e0a"
  contact: "998 12345821 (KPAY) [5a706f32-7edc-48d8-ae47-62fee1e8bba1]"
  Liabilities:CurrentLiabilities:AccountPayable 505 HKD
  type: "Bill Payment"
  sourceId: "5a34d99c-4dea-4562-a333-096691923e0a"
  referenceNo: "714"
  orderId: "6c981c35-2b67-4ecf-9e8e-c892979b3ec6"
  Assets:CurrentAssets:Bank:KpayBank -505 HKD
  type: "Bill Payment"
  sourceId: "5a34d99c-4dea-4562-a333-096691923e0a"
  referenceNo: "714"
  orderId: "6c981c35-2b67-4ecf-9e8e-c892979b3ec6"
2023-08-12 * "Bill #721 INV#349 RESIZE, "
  referenceNo: "721"
  orderId: "af2dd3fe-1f37-45e8-bcf0-b4d55774e9ad"
  type: "Bill"
  Expenses:CostOfSales:Purchase:PurchaseItem:BuyCost-ProcessingFee 300 HKD
  category: "Other"
  sku: "Processing 038"
  qty: 1
  referenceNo: "721"
  orderId: "af2dd3fe-1f37-45e8-bcf0-b4d55774e9ad"
  type: "Bill Item"
  sourceId: "0c803696-8074-413b-8a27-4104464444d5"
  Liabilities:CurrentLiabilities:AccountPayable
  referenceNo: "721"
  orderId: "af2dd3fe-1f37-45e8-bcf0-b4d55774e9ad"
  type: "Bill"
  sourceId: "af2dd3fe-1f37-45e8-bcf0-b4d55774e9ad"
  contact: "852 96221974 (強哥 首飾加工師傅) [cef6a8eb-0892-4a7c-bfdc-328752af4fd5]"
2023-08-12 * "852 96221974 (強哥 首飾加工師傅) [cef6a8eb-0892-4a7c-bfdc-328752af4fd5]" "Bill Payment for Bill #721 #68e02038-b6c2-42c4-87ff-f6011ebc25d8"
  contact: "852 96221974 (強哥 首飾加工師傅) [cef6a8eb-0892-4a7c-bfdc-328752af4fd5]"
  Liabilities:CurrentLiabilities:AccountPayable 300 HKD
  type: "Bill Payment"
  sourceId: "68e02038-b6c2-42c4-87ff-f6011ebc25d8"
  referenceNo: "721"
  orderId: "af2dd3fe-1f37-45e8-bcf0-b4d55774e9ad"
  Assets:CurrentAssets:Cash:CashInHand -300 HKD
  type: "Bill Payment"
  sourceId: "68e02038-b6c2-42c4-87ff-f6011ebc25d8"
  referenceNo: "721"
  orderId: "af2dd3fe-1f37-45e8-bcf0-b4d55774e9ad"
2023-08-12 * "Invoice #234 AA39265 "
  Income:Sales:SalesItem:SellGoldJewelry -2300 HKD
  category: "Gold Jewelry"
  sku: "DDFF23051205000000000013"
  qty: 1
  referenceNo: "234"
  orderId: "dc2fd62d-df7b-4799-ab6d-d2c64da449b7"
  type: "Invoice Item"
  sourceId: "24cdf75d-8e2b-44c5-80e9-88b76949c2b7"
  Income:Sales:SalesItem:SellGoldJewelry -760 HKD
  category: "Gold Jewelry"
  sku: "DDFF2305120A000000000046"
  qty: 1
  referenceNo: "234"
  orderId: "dc2fd62d-df7b-4799-ab6d-d2c64da449b7"
  type: "Invoice Item"
  sourceId: "a102fbdb-dee2-45e9-b0d9-593ad44e2cdc"
  Assets:CurrentAssets:AccountReceivable
  referenceNo: "234"
  orderId: "dc2fd62d-df7b-4799-ab6d-d2c64da449b7"
  type: "Invoice"
  sourceId: "dc2fd62d-df7b-4799-ab6d-d2c64da449b7"
  contact: "880 802 (Walk in) [42348712-7daa-4c29-93b7-756b472429a4]"
2023-08-12 * "Assets:CurrentAssets:Cash:CashInHand" "Invoice Payment for Invoice #234 #3c17615d-5cec-4c13-8db0-07b4aec1915b"
  Assets:CurrentAssets:Cash:CashInHand 3060 HKD
  type: "Invoice Payment"
  sourceId: "3c17615d-5cec-4c13-8db0-07b4aec1915b"
  referenceNo: "234"
  orderId: "dc2fd62d-df7b-4799-ab6d-d2c64da449b7"
  Assets:CurrentAssets:AccountReceivable -3060 HKD
  type: "Invoice Payment"
  sourceId: "3c17615d-5cec-4c13-8db0-07b4aec1915b"
  referenceNo: "234"
  orderId: "dc2fd62d-df7b-4799-ab6d-d2c64da449b7"
  contact: "880 802 (Walk in) [42348712-7daa-4c29-93b7-756b472429a4]"
2023-08-13 * "Assets:CurrentAssets:Bank:KpayBank" "Invoice Payment for Invoice #158 #e22ea8d5-e111-4765-83db-250479ceb71b"
  Assets:CurrentAssets:Bank:KpayBank 39542 HKD
  type: "Invoice Payment"
  sourceId: "e22ea8d5-e111-4765-83db-250479ceb71b"
  referenceNo: "158"
  orderId: "d9375814-f92f-4cd3-94f8-f6cceb2ee1ec"
  Assets:CurrentAssets:AccountReceivable -39542 HKD
  type: "Invoice Payment"
  sourceId: "e22ea8d5-e111-4765-83db-250479ceb71b"
  referenceNo: "158"
  orderId: "d9375814-f92f-4cd3-94f8-f6cceb2ee1ec"
  contact: "852 61584981 (SO CHUN KIT) [a052923c-42de-4697-91fa-00e92affc57b]"
2023-08-14 * "Bill #715 EPS 23年7月手續費"
  referenceNo: "715"
  orderId: "d6d958b1-7045-4337-8fe4-6cb0692d5160"
  type: "Bill"
  Expenses:BankFeesExpense 410 HKD
  qty: "1"
  description: "EPS  23年7月"
  referenceNo: "715"
  orderId: "d6d958b1-7045-4337-8fe4-6cb0692d5160"
  type: "Bill Item"
  sourceId: "7455adf1-62f4-4ea0-96e3-b2fdddfe0942"
  Liabilities:CurrentLiabilities:AccountPayable
  referenceNo: "715"
  orderId: "d6d958b1-7045-4337-8fe4-6cb0692d5160"
  type: "Bill"
  sourceId: "d6d958b1-7045-4337-8fe4-6cb0692d5160"
  contact: "880 806 () [53b8789a-4451-4a1f-84f7-a9c5da7ada1a]"
2023-08-14 * "880 806 () [53b8789a-4451-4a1f-84f7-a9c5da7ada1a]" "Bill Payment for Bill #715 #d08b6ea3-ccc3-479f-8bba-2977c73a8022"
  contact: "880 806 () [53b8789a-4451-4a1f-84f7-a9c5da7ada1a]"
  Liabilities:CurrentLiabilities:AccountPayable 410 HKD
  type: "Bill Payment"
  sourceId: "d08b6ea3-ccc3-479f-8bba-2977c73a8022"
  referenceNo: "715"
  orderId: "d6d958b1-7045-4337-8fe4-6cb0692d5160"
  Assets:CurrentAssets:Bank:BocSavingBank -410 HKD
  type: "Bill Payment"
  sourceId: "d08b6ea3-ccc3-479f-8bba-2977c73a8022"
  referenceNo: "715"
  orderId: "d6d958b1-7045-4337-8fe4-6cb0692d5160"
2023-08-15 * "Bill #1108 G17 運輸費"
  referenceNo: "1108"
  orderId: "124680f3-9b00-4119-bc5c-8cf2491395b0"
  type: "Bill"
  Expenses:TransportationAndCourier 85 HKD
  qty: "1"
  description: "還回(開張時借用的枱) 車費"
  referenceNo: "1108"
  orderId: "124680f3-9b00-4119-bc5c-8cf2491395b0"
  type: "Bill Item"
  sourceId: "838a8e67-ebfd-4b29-bcef-c9138e6cea52"
  Expenses:TransportationAndCourier 88 HKD
  qty: "1"
  description: "G17 運費"
  referenceNo: "1108"
  orderId: "124680f3-9b00-4119-bc5c-8cf2491395b0"
  type: "Bill Item"
  sourceId: "c520d9c5-f9b8-475a-9083-9924fc5d82c2"
  Liabilities:CurrentLiabilities:AccountPayable
  referenceNo: "1108"
  orderId: "124680f3-9b00-4119-bc5c-8cf2491395b0"
  type: "Bill"
  sourceId: "124680f3-9b00-4119-bc5c-8cf2491395b0"
  contact: "880 806 () [53b8789a-4451-4a1f-84f7-a9c5da7ada1a]"
2023-08-15 * "Bill #809 G17 各類運費 (DELIVERY FEE)"
  referenceNo: "809"
  orderId: "760ecdf9-ba55-486b-9269-f26bd7a8eae2"
  type: "Bill"
  Expenses:TransportationAndCourier 85 HKD
  qty: "1"
  description: "還開張用枱車費"
  referenceNo: "809"
  orderId: "760ecdf9-ba55-486b-9269-f26bd7a8eae2"
  type: "Bill Item"
  sourceId: "350576d3-0a56-45b2-9b58-c6e28f9c0ebc"
  Expenses:TransportationAndCourier 88 HKD
  qty: "1"
  description: "G17 運費"
  referenceNo: "809"
  orderId: "760ecdf9-ba55-486b-9269-f26bd7a8eae2"
  type: "Bill Item"
  sourceId: "7171bbe9-441d-4c45-ad2c-03523f64c4a5"
  Expenses:TransportationAndCourier 18 HKD
  qty: "1"
  description: "輻射幾牌照申請運費"
  referenceNo: "809"
  orderId: "760ecdf9-ba55-486b-9269-f26bd7a8eae2"
  type: "Bill Item"
  sourceId: "968eb6eb-5fd6-4fc3-9e52-0bac515437c8"
  Liabilities:CurrentLiabilities:AccountPayable
  referenceNo: "809"
  orderId: "760ecdf9-ba55-486b-9269-f26bd7a8eae2"
  type: "Bill"
  sourceId: "760ecdf9-ba55-486b-9269-f26bd7a8eae2"
  contact: "880 806 () [53b8789a-4451-4a1f-84f7-a9c5da7ada1a]"
2023-08-15 * "880 806 () [53b8789a-4451-4a1f-84f7-a9c5da7ada1a]" "Bill Payment for Bill #809 #60954c77-27fa-4abe-ab79-3a63926f6b86"
  contact: "880 806 () [53b8789a-4451-4a1f-84f7-a9c5da7ada1a]"
  Liabilities:CurrentLiabilities:AccountPayable 191 HKD
  type: "Bill Payment"
  sourceId: "60954c77-27fa-4abe-ab79-3a63926f6b86"
  referenceNo: "809"
  orderId: "760ecdf9-ba55-486b-9269-f26bd7a8eae2"
  Liabilities:CurrentLiabilities:CurrentAccount:C-a-MilrichElectronicsHkCoLtd -191 HKD
  type: "Bill Payment"
  sourceId: "60954c77-27fa-4abe-ab79-3a63926f6b86"
  referenceNo: "809"
  orderId: "760ecdf9-ba55-486b-9269-f26bd7a8eae2"
2023-08-15 * "880 806 () [53b8789a-4451-4a1f-84f7-a9c5da7ada1a]" "Bill Payment for Bill #1108 #5e7eccc5-99f2-4415-b0a3-b65abc80df7b"
  contact: "880 806 () [53b8789a-4451-4a1f-84f7-a9c5da7ada1a]"
  Liabilities:CurrentLiabilities:AccountPayable 88 HKD
  type: "Bill Payment"
  sourceId: "5e7eccc5-99f2-4415-b0a3-b65abc80df7b"
  referenceNo: "1108"
  orderId: "124680f3-9b00-4119-bc5c-8cf2491395b0"
  Liabilities:CurrentLiabilities:CurrentAccount:C-a-MilrichElectronicsHkCoLtd -88 HKD
  type: "Bill Payment"
  sourceId: "5e7eccc5-99f2-4415-b0a3-b65abc80df7b"
  referenceNo: "1108"
  orderId: "124680f3-9b00-4119-bc5c-8cf2491395b0"
2023-08-15 * "880 806 () [53b8789a-4451-4a1f-84f7-a9c5da7ada1a]" "Bill Payment for Bill #717 #40c7f7fa-8b52-42f9-98ab-c7aa55223f1c"
  contact: "880 806 () [53b8789a-4451-4a1f-84f7-a9c5da7ada1a]"
  Liabilities:CurrentLiabilities:AccountPayable 316.35 HKD
  type: "Bill Payment"
  sourceId: "40c7f7fa-8b52-42f9-98ab-c7aa55223f1c"
  referenceNo: "717"
  orderId: "d6744687-8e44-4ebc-bdd3-8b4d5367ba39"
  Assets:CurrentAssets:Bank:BocVisaCard-DavidBank -316.35 HKD
  type: "Bill Payment"
  sourceId: "40c7f7fa-8b52-42f9-98ab-c7aa55223f1c"
  referenceNo: "717"
  orderId: "d6744687-8e44-4ebc-bdd3-8b4d5367ba39"
2023-08-16 * "Bill #718 kpay081"
  referenceNo: "718"
  orderId: "f138b34f-b168-4439-ad99-f6ee1dbeaa2d"
  type: "Bill"
  Expenses:CardFeeExpense 594.13 HKD
  qty: "1"
  description: "39,542 - 38,947.87 = 594.13"
  referenceNo: "718"
  orderId: "f138b34f-b168-4439-ad99-f6ee1dbeaa2d"
  type: "Bill Item"
  sourceId: "e40b23b9-a52a-4810-a5ad-0cf3dd417632"
  Liabilities:CurrentLiabilities:AccountPayable
  referenceNo: "718"
  orderId: "f138b34f-b168-4439-ad99-f6ee1dbeaa2d"
  type: "Bill"
  sourceId: "f138b34f-b168-4439-ad99-f6ee1dbeaa2d"
  contact: "998 12345821 (KPAY) [5a706f32-7edc-48d8-ae47-62fee1e8bba1]"
2023-08-16 * "998 12345821 (KPAY) [5a706f32-7edc-48d8-ae47-62fee1e8bba1]" "Bill Payment for Bill #718 #bb1ea314-a430-4f87-80bb-51e4d6c39344"
  contact: "998 12345821 (KPAY) [5a706f32-7edc-48d8-ae47-62fee1e8bba1]"
  Liabilities:CurrentLiabilities:AccountPayable 594.13 HKD
  type: "Bill Payment"
  sourceId: "bb1ea314-a430-4f87-80bb-51e4d6c39344"
  referenceNo: "718"
  orderId: "f138b34f-b168-4439-ad99-f6ee1dbeaa2d"
  Assets:CurrentAssets:Bank:KpayBank -594.13 HKD
  type: "Bill Payment"
  sourceId: "bb1ea314-a430-4f87-80bb-51e4d6c39344"
  referenceNo: "718"
  orderId: "f138b34f-b168-4439-ad99-f6ee1dbeaa2d"
2023-08-17 * "Bill #778 G17電費(2023-8月)"
  referenceNo: "778"
  orderId: "92fa50d7-3373-43b7-bc71-539c775e87be"
  type: "Bill"
  Expenses:ElectricityLightHeating 2162 HKD
  qty: "1"
  description: "G17電費(2023-8月)"
  referenceNo: "778"
  orderId: "92fa50d7-3373-43b7-bc71-539c775e87be"
  type: "Bill Item"
  sourceId: "8bbe1997-6d61-48de-a740-058c62f28b68"
  Liabilities:CurrentLiabilities:AccountPayable
  referenceNo: "778"
  orderId: "92fa50d7-3373-43b7-bc71-539c775e87be"
  type: "Bill"
  sourceId: "92fa50d7-3373-43b7-bc71-539c775e87be"
  contact: "880 806 () [53b8789a-4451-4a1f-84f7-a9c5da7ada1a]"
2023-08-17 * "880 806 () [53b8789a-4451-4a1f-84f7-a9c5da7ada1a]" "Bill Payment for Bill #778 #6b151d77-f337-47b3-a58a-09990e71fe42"
  contact: "880 806 () [53b8789a-4451-4a1f-84f7-a9c5da7ada1a]"
  Liabilities:CurrentLiabilities:AccountPayable 2162 HKD
  type: "Bill Payment"
  sourceId: "6b151d77-f337-47b3-a58a-09990e71fe42"
  referenceNo: "778"
  orderId: "92fa50d7-3373-43b7-bc71-539c775e87be"
  Liabilities:CurrentLiabilities:CurrentAccount:C-a-MilrichElectronicsHkCoLtd -2162 HKD
  type: "Bill Payment"
  sourceId: "6b151d77-f337-47b3-a58a-09990e71fe42"
  referenceNo: "778"
  orderId: "92fa50d7-3373-43b7-bc71-539c775e87be"
2023-08-18 * "Bill #848 AE Credit Card payment (23年8月)"
  referenceNo: "848"
  orderId: "61d38fd9-ebe7-4744-93a0-f299a9d93a90"
  type: "Bill"
  Expenses:Subscriptions 488.79 HKD
  qty: "1"
  description: "CRISP (8.11)"
  referenceNo: "848"
  orderId: "61d38fd9-ebe7-4744-93a0-f299a9d93a90"
  type: "Bill Item"
  sourceId: "741de80b-a98f-47d1-a420-eb43b1e0d2a6"
  Expenses:AdvertisingAndBranding 7500 HKD
  qty: "1"
  description: "FACEBOOK AD -  7.30"
  referenceNo: "848"
  orderId: "61d38fd9-ebe7-4744-93a0-f299a9d93a90"
  type: "Bill Item"
  sourceId: "3c80c779-2b0a-4649-ab9e-af6a69558a03"
  Expenses:AdvertisingAndBranding 7500 HKD
  qty: "1"
  description: "FACEBOOK AD -  8.3"
  referenceNo: "848"
  orderId: "61d38fd9-ebe7-4744-93a0-f299a9d93a90"
  type: "Bill Item"
  sourceId: "d4165e11-0b40-405e-82a4-7a8d81cd138b"
  Expenses:AdvertisingAndBranding 7500 HKD
  qty: "1"
  description: "FACEBOOK AD -  8.9"
  referenceNo: "848"
  orderId: "61d38fd9-ebe7-4744-93a0-f299a9d93a90"
  type: "Bill Item"
  sourceId: "17b6ce62-635a-4ef2-ab1e-bb4bca754bde"
  Expenses:AdvertisingAndBranding 4075.06 HKD
  qty: "1"
  description: "FACEBOOK AD -  8.13"
  referenceNo: "848"
  orderId: "61d38fd9-ebe7-4744-93a0-f299a9d93a90"
  type: "Bill Item"
  sourceId: "98e4fe7d-87be-4a45-9469-af8666701744"
  Expenses:AdvertisingAndBranding -200 HKD
  qty: "1"
  description: "Cash rebate (from other holder (Kwan Chi Wai))"
  referenceNo: "848"
  orderId: "61d38fd9-ebe7-4744-93a0-f299a9d93a90"
  type: "Bill Item"
  sourceId: "1c13b532-e950-4199-87c4-28a74976b440"
  Liabilities:CurrentLiabilities:AccountPayable
  referenceNo: "848"
  orderId: "61d38fd9-ebe7-4744-93a0-f299a9d93a90"
  type: "Bill"
  sourceId: "61d38fd9-ebe7-4744-93a0-f299a9d93a90"
  contact: "880 806 () [53b8789a-4451-4a1f-84f7-a9c5da7ada1a]"
2023-08-18 * "Bill #813 ELAM GOLD BR & NAR1 收費"
  referenceNo: "813"
  orderId: "282dcc5e-b78e-4d01-9bce-72e9ba1db519"
  type: "Bill"
  Expenses:LegalAndProfessionalFee 905 HKD
  qty: "1"
  description: "ELAM GOLD NAR1 收費"
  referenceNo: "813"
  orderId: "282dcc5e-b78e-4d01-9bce-72e9ba1db519"
  type: "Bill Item"
  sourceId: "8ebf383a-6361-4f8b-ba93-34f85c20e3bd"
  Expenses:BusinessRegistration 2150 HKD
  qty: "1"
  description: "ELAM GOLD BR 收費 18/9/2023-17/9/2024"
  referenceNo: "813"
  orderId: "282dcc5e-b78e-4d01-9bce-72e9ba1db519"
  type: "Bill Item"
  sourceId: "bc998eb8-63b1-4560-9dbc-bb3f08b2d098"
  Liabilities:CurrentLiabilities:AccountPayable
  referenceNo: "813"
  orderId: "282dcc5e-b78e-4d01-9bce-72e9ba1db519"
  type: "Bill"
  sourceId: "282dcc5e-b78e-4d01-9bce-72e9ba1db519"
  contact: "880 806 () [53b8789a-4451-4a1f-84f7-a9c5da7ada1a]"
2023-08-18 * "880 806 () [53b8789a-4451-4a1f-84f7-a9c5da7ada1a]" "Bill Payment for Bill #813 #88cca4cd-1b59-486e-83d1-a836a5f23682"
  contact: "880 806 () [53b8789a-4451-4a1f-84f7-a9c5da7ada1a]"
  Liabilities:CurrentLiabilities:AccountPayable 3055 HKD
  type: "Bill Payment"
  sourceId: "88cca4cd-1b59-486e-83d1-a836a5f23682"
  referenceNo: "813"
  orderId: "282dcc5e-b78e-4d01-9bce-72e9ba1db519"
  Liabilities:CurrentLiabilities:CurrentAccount:C-a-MilrichElectronicsHkCoLtd -3055 HKD
  type: "Bill Payment"
  sourceId: "88cca4cd-1b59-486e-83d1-a836a5f23682"
  referenceNo: "813"
  orderId: "282dcc5e-b78e-4d01-9bce-72e9ba1db519"
2023-08-18 * "880 806 () [53b8789a-4451-4a1f-84f7-a9c5da7ada1a]" "Bill Payment for Bill #848 #ae0e51dc-982e-42a3-8bed-b0f26e2ca57e"
  contact: "880 806 () [53b8789a-4451-4a1f-84f7-a9c5da7ada1a]"
  Liabilities:CurrentLiabilities:AccountPayable 26863.85 HKD
  type: "Bill Payment"
  sourceId: "ae0e51dc-982e-42a3-8bed-b0f26e2ca57e"
  referenceNo: "848"
  orderId: "61d38fd9-ebe7-4744-93a0-f299a9d93a90"
  Liabilities:CurrentLiabilities:CurrentAccount:C-a-MilrichElectronicsHkCoLtd -26863.85 HKD
  type: "Bill Payment"
  sourceId: "ae0e51dc-982e-42a3-8bed-b0f26e2ca57e"
  referenceNo: "848"
  orderId: "61d38fd9-ebe7-4744-93a0-f299a9d93a90"
2023-08-18 * "Invoice #236 AA39268"
  Income:Sales:SalesItem:SellGoldJewelry -760 HKD
  category: "Gold Jewelry"
  sku: "DDFF2305120A000000000047"
  qty: 1
  referenceNo: "236"
  orderId: "3c24b036-70f1-4421-a7f5-75691638d364"
  type: "Invoice Item"
  sourceId: "338e27a6-4010-4091-bdb3-d1823d2bd0d3"
  Assets:CurrentAssets:AccountReceivable
  referenceNo: "236"
  orderId: "3c24b036-70f1-4421-a7f5-75691638d364"
  type: "Invoice"
  sourceId: "3c24b036-70f1-4421-a7f5-75691638d364"
  contact: "880 802 (Walk in) [42348712-7daa-4c29-93b7-756b472429a4]"
2023-08-18 * "Assets:CurrentAssets:Cash:CashInHand" "Invoice Payment for Invoice #236 #19ca8d63-51e1-4ba5-909a-f2525cd4a4e1"
  Assets:CurrentAssets:Cash:CashInHand 760 HKD
  type: "Invoice Payment"
  sourceId: "19ca8d63-51e1-4ba5-909a-f2525cd4a4e1"
  referenceNo: "236"
  orderId: "3c24b036-70f1-4421-a7f5-75691638d364"
  Assets:CurrentAssets:AccountReceivable -760 HKD
  type: "Invoice Payment"
  sourceId: "19ca8d63-51e1-4ba5-909a-f2525cd4a4e1"
  referenceNo: "236"
  orderId: "3c24b036-70f1-4421-a7f5-75691638d364"
  contact: "880 802 (Walk in) [42348712-7daa-4c29-93b7-756b472429a4]"
2023-08-20 * "Assets:CurrentAssets:Cash:CashInHand" "Invoice Payment for Invoice #221 #f49cbb24-5623-4774-8f9e-d02005674a93"
  Assets:CurrentAssets:Cash:CashInHand 300 HKD
  type: "Invoice Payment"
  sourceId: "f49cbb24-5623-4774-8f9e-d02005674a93"
  referenceNo: "221"
  orderId: "15aaccd3-c490-4cb0-b823-27c3dc615374"
  Assets:CurrentAssets:AccountReceivable -300 HKD
  type: "Invoice Payment"
  sourceId: "f49cbb24-5623-4774-8f9e-d02005674a93"
  referenceNo: "221"
  orderId: "15aaccd3-c490-4cb0-b823-27c3dc615374"
  contact: "852 95159883 (MR. CHAN KEN) [f0c9794b-f5ec-4f8b-8a95-b5fc69907e9d]"
2023-08-21 * "Bill #723 G17 9月2023 租金"
  referenceNo: "723"
  orderId: "7d869b2b-a196-4c71-9c9a-96b4d989dae7"
  type: "Bill"
  Expenses:Rent 48000 HKD
  qty: "1"
  description: "G17 9月租金"
  referenceNo: "723"
  orderId: "7d869b2b-a196-4c71-9c9a-96b4d989dae7"
  type: "Bill Item"
  sourceId: "908e3efc-442d-4d40-88a3-5c687e9357b3"
  Liabilities:CurrentLiabilities:AccountPayable
  referenceNo: "723"
  orderId: "7d869b2b-a196-4c71-9c9a-96b4d989dae7"
  type: "Bill"
  sourceId: "7d869b2b-a196-4c71-9c9a-96b4d989dae7"
  contact: "880 806 () [53b8789a-4451-4a1f-84f7-a9c5da7ada1a]"
2023-08-21 * "880 806 () [53b8789a-4451-4a1f-84f7-a9c5da7ada1a]" "Bill Payment for Bill #723 #b8b3ebeb-1514-4ad7-80ab-f4416b27899f"
  contact: "880 806 () [53b8789a-4451-4a1f-84f7-a9c5da7ada1a]"
  Liabilities:CurrentLiabilities:AccountPayable 48000 HKD
  type: "Bill Payment"
  sourceId: "b8b3ebeb-1514-4ad7-80ab-f4416b27899f"
  referenceNo: "723"
  orderId: "7d869b2b-a196-4c71-9c9a-96b4d989dae7"
  Assets:CurrentAssets:Bank:BocCurrentBank -48000 HKD
  type: "Bill Payment"
  sourceId: "b8b3ebeb-1514-4ad7-80ab-f4416b27899f"
  referenceNo: "723"
  orderId: "7d869b2b-a196-4c71-9c9a-96b4d989dae7"
2023-08-22 * "Invoice #243 REPAIR: 18K WHITE GOLD BRACELET - D 5.46CT"
  Income:Sales:SalesItem:SellBespokeorotherFee -500 HKD
  category: "Other"
  sku: "Processing 039"
  qty: 1
  referenceNo: "243"
  orderId: "fab4b680-9c64-4995-9dfe-9fa430f5206f"
  type: "Invoice Item"
  sourceId: "18acbee9-bfc3-4921-8c50-dc7d2e29162b"
  Assets:CurrentAssets:AccountReceivable
  referenceNo: "243"
  orderId: "fab4b680-9c64-4995-9dfe-9fa430f5206f"
  type: "Invoice"
  sourceId: "fab4b680-9c64-4995-9dfe-9fa430f5206f"
  contact: "852 94646666 (PHOEBE) [d704c773-f043-4ce9-b299-a89253ec6d15]"
2023-08-22 * "Bill #740 INV#360 訂貨, 23/09/001"
  referenceNo: "740"
  orderId: "4b04bfc0-cd8b-4e4e-9a6c-9d3b7aad6f3a"
  type: "Bill"
  Expenses:CostOfSales:Purchase:PurchaseItem:Buy18kJewelry 2800 HKD
  category: "Jewelry"
  sku: "BESPOKE00006"
  qty: 1
  referenceNo: "740"
  orderId: "4b04bfc0-cd8b-4e4e-9a6c-9d3b7aad6f3a"
  type: "Bill Item"
  sourceId: "e5261773-167a-45c0-9cda-ef1193b630b9"
  Liabilities:CurrentLiabilities:AccountPayable
  referenceNo: "740"
  orderId: "4b04bfc0-cd8b-4e4e-9a6c-9d3b7aad6f3a"
  type: "Bill"
  sourceId: "4b04bfc0-cd8b-4e4e-9a6c-9d3b7aad6f3a"
  contact: "998 12345815 (利達    K.F. WORKSHOP) [c5a8a090-379c-45bb-abfd-2a3d30e7e419]"
2023-08-22 * "998 12345842 (粵豪珠寶) [d452a034-9f5a-4b05-b8d6-6e1c7ed56ec4]" "Bill Payment for Bill #656 #8ef4ef34-8380-4183-b6ea-700a3685bce8"
  contact: "998 12345842 (粵豪珠寶) [d452a034-9f5a-4b05-b8d6-6e1c7ed56ec4]"
  Liabilities:CurrentLiabilities:AccountPayable 18054.65 CNY
  type: "Bill Payment"
  sourceId: "8ef4ef34-8380-4183-b6ea-700a3685bce8"
  referenceNo: "656"
  orderId: "0d547d9c-71ca-46d8-80f3-273275728a3b"
  Liabilities:CurrentLiabilities:CurrentAccount:C-a-DirectorDavidKwan -18054.65 CNY
  type: "Bill Payment"
  sourceId: "8ef4ef34-8380-4183-b6ea-700a3685bce8"
  referenceNo: "656"
  orderId: "0d547d9c-71ca-46d8-80f3-273275728a3b"
2023-08-22 * "Invoice #237 AA39270"
  Income:Sales:SalesItem:SellDiamond -120000 HKD
  category: "Natural Diamond"
  sku: "DDFFFFFF0800002221270545"
  qty: 1
  referenceNo: "237"
  orderId: "47d0104f-2507-428a-8bff-bc8259e39139"
  type: "Invoice Item"
  sourceId: "87b7b4e4-cc2a-4cec-8185-bc916476a31a"
  Income:Sales:SalesItem:Sell18kJewelry -3000 HKD
  category: "Jewelry"
  sku: "BESPOKE00006"
  qty: 1
  referenceNo: "237"
  orderId: "47d0104f-2507-428a-8bff-bc8259e39139"
  type: "Invoice Item"
  sourceId: "254d3770-db2d-4ae9-8306-a909274f2ed4"
  Income:Sales:SalesItem:SellDiamond -120000 HKD
  category: "Natural Diamond"
  sku: "DDFFFFFF0800006461441054"
  qty: 1
  referenceNo: "237"
  orderId: "47d0104f-2507-428a-8bff-bc8259e39139"
  type: "Invoice Item"
  sourceId: "cfe0d354-c08e-46db-b486-2d0efbdf8e35"
  Assets:CurrentAssets:AccountReceivable
  referenceNo: "237"
  orderId: "47d0104f-2507-428a-8bff-bc8259e39139"
  type: "Invoice"
  sourceId: "47d0104f-2507-428a-8bff-bc8259e39139"
  contact: "852 62244427 ((MW) MR. Jun Wong 龍) [8b95d457-ea15-44cc-b1bc-c7ba86c1fccc]"
2023-08-22 * "Bill #720 INV#360 GIA PURCHASE "
  referenceNo: "720"
  orderId: "43cd6d71-2209-4324-a788-8427417d4c9e"
  type: "Bill"
  Expenses:CostOfSales:Purchase:PurchaseItem:BuyDiamond 110186.01 HKD
  category: "Natural Diamond"
  sku: "DDFFFFFF0800006461441054"
  qty: 1
  referenceNo: "720"
  orderId: "43cd6d71-2209-4324-a788-8427417d4c9e"
  type: "Bill Item"
  sourceId: "56c2ea2a-6746-4d57-afee-79fa350897ba"
  Liabilities:CurrentLiabilities:AccountPayable
  referenceNo: "720"
  orderId: "43cd6d71-2209-4324-a788-8427417d4c9e"
  type: "Bill"
  sourceId: "43cd6d71-2209-4324-a788-8427417d4c9e"
  contact: "998 12345758 (SGV - SANGHVI STAR HK LTD) [698e45d3-46fa-4eb3-9072-cfdd653daa1b]"
2023-08-22 * "Assets:CurrentAssets:Cash:CashInHand" "Invoice Payment for Invoice #237 #a347a7fc-7d9a-47bb-8647-6fbe806ee80b"
  Assets:CurrentAssets:Cash:CashInHand 243000 HKD
  type: "Invoice Payment"
  sourceId: "a347a7fc-7d9a-47bb-8647-6fbe806ee80b"
  referenceNo: "237"
  orderId: "47d0104f-2507-428a-8bff-bc8259e39139"
  Assets:CurrentAssets:AccountReceivable -243000 HKD
  type: "Invoice Payment"
  sourceId: "a347a7fc-7d9a-47bb-8647-6fbe806ee80b"
  referenceNo: "237"
  orderId: "47d0104f-2507-428a-8bff-bc8259e39139"
  contact: "852 62244427 ((MW) MR. Jun Wong 龍) [8b95d457-ea15-44cc-b1bc-c7ba86c1fccc]"
2023-08-22 * "Assets:CurrentAssets:Bank:KpayBank" "Invoice Payment for Invoice #232 #a911b829-9d5b-47d3-ae36-a4f51acbe1a9"
  Assets:CurrentAssets:Bank:KpayBank 14400 HKD
  type: "Invoice Payment"
  sourceId: "a911b829-9d5b-47d3-ae36-a4f51acbe1a9"
  referenceNo: "232"
  orderId: "95d223fb-fcf9-46a2-8d5b-8f6f95b06b64"
  Assets:CurrentAssets:AccountReceivable -14400 HKD
  type: "Invoice Payment"
  sourceId: "a911b829-9d5b-47d3-ae36-a4f51acbe1a9"
  referenceNo: "232"
  orderId: "95d223fb-fcf9-46a2-8d5b-8f6f95b06b64"
  contact: "852 67704799 (MR LEE) [1373228a-432c-4a81-b5cb-555048a05f7b]"
2023-08-22 * "998 12345758 (SGV - SANGHVI STAR HK LTD) [698e45d3-46fa-4eb3-9072-cfdd653daa1b]" "Bill Payment for Bill #720 #38e1f5c7-965e-47aa-b95c-650d5f65e9bb"
  contact: "998 12345758 (SGV - SANGHVI STAR HK LTD) [698e45d3-46fa-4eb3-9072-cfdd653daa1b]"
  Liabilities:CurrentLiabilities:AccountPayable 110186.01 HKD
  type: "Bill Payment"
  sourceId: "38e1f5c7-965e-47aa-b95c-650d5f65e9bb"
  referenceNo: "720"
  orderId: "43cd6d71-2209-4324-a788-8427417d4c9e"
  Assets:CurrentAssets:Bank:BocSavingBank -110186.01 HKD
  type: "Bill Payment"
  sourceId: "38e1f5c7-965e-47aa-b95c-650d5f65e9bb"
  referenceNo: "720"
  orderId: "43cd6d71-2209-4324-a788-8427417d4c9e"
2023-08-23 * "Bill #722 INV#360 GIA PURCHASE, SE/2401641"
  referenceNo: "722"
  orderId: "70a62ce2-508b-49a4-9dd9-f661cb5dfb0f"
  type: "Bill"
  Expenses:CostOfSales:Purchase:PurchaseItem:BuyDiamond 116371.24 HKD
  category: "Natural Diamond"
  sku: "DDFFFFFF0800002221270545"
  qty: 1
  referenceNo: "722"
  orderId: "70a62ce2-508b-49a4-9dd9-f661cb5dfb0f"
  type: "Bill Item"
  sourceId: "a4997e11-a63a-4f84-869d-285479130e51"
  Liabilities:CurrentLiabilities:AccountPayable
  referenceNo: "722"
  orderId: "70a62ce2-508b-49a4-9dd9-f661cb5dfb0f"
  type: "Bill"
  sourceId: "70a62ce2-508b-49a4-9dd9-f661cb5dfb0f"
  contact: "998 12345710 (EXD Excellent Diamond Ltd) [20d22498-8c0a-4dfe-a487-d86a4b0bfa64]"
2023-08-23 * "Bill #724 BANK FEE"
  referenceNo: "724"
  orderId: "9ad16176-6f0b-4f92-9cce-edf656058402"
  type: "Bill"
  Expenses:BankFeesExpense 25 HKD
  qty: "1"
  description: "BANK FEE"
  referenceNo: "724"
  orderId: "9ad16176-6f0b-4f92-9cce-edf656058402"
  type: "Bill Item"
  sourceId: "db44c80c-d9d4-4b58-a14a-5919ff930b22"
  Liabilities:CurrentLiabilities:AccountPayable
  referenceNo: "724"
  orderId: "9ad16176-6f0b-4f92-9cce-edf656058402"
  type: "Bill"
  sourceId: "9ad16176-6f0b-4f92-9cce-edf656058402"
  contact: "880 806 () [53b8789a-4451-4a1f-84f7-a9c5da7ada1a]"
2023-08-23 * "Bill #799 BOC Visa Card - Sam 9月 2023"
  referenceNo: "799"
  orderId: "152d7311-5626-42bd-91f2-09ecabd3cc82"
  type: "Bill"
  Expenses:GeneralExpensesDirect 2261.6 HKD
  qty: "1"
  description: "DKK 抽獎 Peninsula Dinner"
  referenceNo: "799"
  orderId: "152d7311-5626-42bd-91f2-09ecabd3cc82"
  type: "Bill Item"
  sourceId: "d8b97431-967c-43be-aff8-16c393453e87"
  Liabilities:CurrentLiabilities:AccountPayable
  referenceNo: "799"
  orderId: "152d7311-5626-42bd-91f2-09ecabd3cc82"
  type: "Bill"
  sourceId: "152d7311-5626-42bd-91f2-09ecabd3cc82"
  contact: "880 806 () [53b8789a-4451-4a1f-84f7-a9c5da7ada1a]"
2023-08-23 * "998 12345843 (深圳市翠綠手飾製造有限公司) [418d4c3f-7ae7-4edc-b509-fe215e1732a0]" "Bill Payment for Bill #209 #c1cb0549-aed0-47ab-89e7-c908ccab7fe6"
  contact: "998 12345843 (深圳市翠綠手飾製造有限公司) [418d4c3f-7ae7-4edc-b509-fe215e1732a0]"
  Liabilities:CurrentLiabilities:AccountPayable 136.1 CNY
  type: "Bill Payment"
  sourceId: "c1cb0549-aed0-47ab-89e7-c908ccab7fe6"
  referenceNo: "209"
  orderId: "9f213eef-9888-4f32-a05d-fc8b4d1358f9"
  Assets:CurrentAssets:TradeDeposit:TradeDeposit-深圳市翠綠手飾製造有限公司 -136.1 CNY
  type: "Bill Payment"
  sourceId: "c1cb0549-aed0-47ab-89e7-c908ccab7fe6"
  referenceNo: "209"
  orderId: "9f213eef-9888-4f32-a05d-fc8b4d1358f9"
2023-08-23 * "880 806 () [53b8789a-4451-4a1f-84f7-a9c5da7ada1a]" "Bill Payment for Bill #799 #b24e156b-967b-4ba2-91de-8d72ba571dd5"
  contact: "880 806 () [53b8789a-4451-4a1f-84f7-a9c5da7ada1a]"
  Liabilities:CurrentLiabilities:AccountPayable 2261.6 HKD
  type: "Bill Payment"
  sourceId: "b24e156b-967b-4ba2-91de-8d72ba571dd5"
  referenceNo: "799"
  orderId: "152d7311-5626-42bd-91f2-09ecabd3cc82"
  Assets:CurrentAssets:Bank:BocVisaCard-SamBank -2261.6 HKD
  type: "Bill Payment"
  sourceId: "b24e156b-967b-4ba2-91de-8d72ba571dd5"
  referenceNo: "799"
  orderId: "152d7311-5626-42bd-91f2-09ecabd3cc82"
2023-08-23 * "998 12345710 (EXD Excellent Diamond Ltd) [20d22498-8c0a-4dfe-a487-d86a4b0bfa64]" "Bill Payment for Bill #722 #d047e451-b70c-43fd-8dac-9902d7b04bdb"
  contact: "998 12345710 (EXD Excellent Diamond Ltd) [20d22498-8c0a-4dfe-a487-d86a4b0bfa64]"
  Liabilities:CurrentLiabilities:AccountPayable 116371.24 HKD
  type: "Bill Payment"
  sourceId: "d047e451-b70c-43fd-8dac-9902d7b04bdb"
  referenceNo: "722"
  orderId: "70a62ce2-508b-49a4-9dd9-f661cb5dfb0f"
  Assets:CurrentAssets:Bank:BocSavingBank -116371.24 HKD
  type: "Bill Payment"
  sourceId: "d047e451-b70c-43fd-8dac-9902d7b04bdb"
  referenceNo: "722"
  orderId: "70a62ce2-508b-49a4-9dd9-f661cb5dfb0f"
2023-08-23 * "880 806 () [53b8789a-4451-4a1f-84f7-a9c5da7ada1a]" "Bill Payment for Bill #724 #b5ef7877-f173-4410-a8f3-54d58581fcc1"
  contact: "880 806 () [53b8789a-4451-4a1f-84f7-a9c5da7ada1a]"
  Liabilities:CurrentLiabilities:AccountPayable 25 HKD
  type: "Bill Payment"
  sourceId: "b5ef7877-f173-4410-a8f3-54d58581fcc1"
  referenceNo: "724"
  orderId: "9ad16176-6f0b-4f92-9cce-edf656058402"
  Assets:CurrentAssets:Bank:BocSavingBank -25 HKD
  type: "Bill Payment"
  sourceId: "b5ef7877-f173-4410-a8f3-54d58581fcc1"
  referenceNo: "724"
  orderId: "9ad16176-6f0b-4f92-9cce-edf656058402"
2023-08-23 * "998 12345843 (深圳市翠綠手飾製造有限公司) [418d4c3f-7ae7-4edc-b509-fe215e1732a0]" "Bill Payment for Bill #209 #63d29d8a-64b5-4379-b4a0-69a9adb35450"
  contact: "998 12345843 (深圳市翠綠手飾製造有限公司) [418d4c3f-7ae7-4edc-b509-fe215e1732a0]"
  Liabilities:CurrentLiabilities:AccountPayable 6486.9 CNY
  type: "Bill Payment"
  sourceId: "63d29d8a-64b5-4379-b4a0-69a9adb35450"
  referenceNo: "209"
  orderId: "9f213eef-9888-4f32-a05d-fc8b4d1358f9"
  Assets:CurrentAssets:Bank:BocSavingBank -6486.9 CNY
  type: "Bill Payment"
  sourceId: "63d29d8a-64b5-4379-b4a0-69a9adb35450"
  referenceNo: "209"
  orderId: "9f213eef-9888-4f32-a05d-fc8b4d1358f9"
2023-08-23 * "Invoice #238 STAFF SALE"
  Income:Sales:SalesItem:Sell18kJewelry -4000 HKD
  category: "Jewelry"
  sku: "DDFFFFFF0500000000000001"
  qty: 1
  referenceNo: "238"
  orderId: "34f1b828-ceb9-4f6f-b831-aca4ab9532fd"
  type: "Invoice Item"
  sourceId: "c5d08e29-106f-4bef-8b0e-f81190584d23"
  Assets:CurrentAssets:AccountReceivable
  referenceNo: "238"
  orderId: "34f1b828-ceb9-4f6f-b831-aca4ab9532fd"
  type: "Invoice"
  sourceId: "34f1b828-ceb9-4f6f-b831-aca4ab9532fd"
  contact: "998 12345830 (Mr. Nahin) [e9440a88-caea-4618-899f-06bd6ffd45ba]"
2023-08-23 * "Liabilities:CurrentLiabilities:CurrentAccount:C-a-MilrichElectronicsHkCoLtd" "Invoice Payment for Invoice #238 #6b7bd405-9707-4c11-bc06-bc0bcbd369d4"
  Liabilities:CurrentLiabilities:CurrentAccount:C-a-MilrichElectronicsHkCoLtd 4000 HKD
  type: "Invoice Payment"
  sourceId: "6b7bd405-9707-4c11-bc06-bc0bcbd369d4"
  referenceNo: "238"
  orderId: "34f1b828-ceb9-4f6f-b831-aca4ab9532fd"
  Assets:CurrentAssets:AccountReceivable -4000 HKD
  type: "Invoice Payment"
  sourceId: "6b7bd405-9707-4c11-bc06-bc0bcbd369d4"
  referenceNo: "238"
  orderId: "34f1b828-ceb9-4f6f-b831-aca4ab9532fd"
  contact: "998 12345830 (Mr. Nahin) [e9440a88-caea-4618-899f-06bd6ffd45ba]"
2023-08-24 * "Bill #728 8月2023MPF"
  referenceNo: "728"
  orderId: "ccabbea6-a12c-4608-a492-fba5f95853cb"
  type: "Bill"
  Expenses:Mpf 7916.65 HKD
  qty: "1"
  description: "8月2023MPF"
  referenceNo: "728"
  orderId: "ccabbea6-a12c-4608-a492-fba5f95853cb"
  type: "Bill Item"
  sourceId: "68e08b47-a029-45e3-adb7-b5ffdc5ed101"
  Liabilities:CurrentLiabilities:AccountPayable
  referenceNo: "728"
  orderId: "ccabbea6-a12c-4608-a492-fba5f95853cb"
  type: "Bill"
  sourceId: "ccabbea6-a12c-4608-a492-fba5f95853cb"
  contact: "880 806 () [53b8789a-4451-4a1f-84f7-a9c5da7ada1a]"
2023-08-24 * "Bill #727 INV#362訂貨, 230911"
  referenceNo: "727"
  orderId: "53615590-8f0a-40e6-816a-ad603d496062"
  type: "Bill"
  Expenses:CostOfSales:Purchase:PurchaseItem:Buy18kJewelry 2700 HKD
  category: "Ring Setting"
  sku: "BESPOKE00004"
  qty: 1
  referenceNo: "727"
  orderId: "53615590-8f0a-40e6-816a-ad603d496062"
  type: "Bill Item"
  sourceId: "74b05a20-d600-43c2-9d77-468cf77b0a1e"
  Liabilities:CurrentLiabilities:AccountPayable
  referenceNo: "727"
  orderId: "53615590-8f0a-40e6-816a-ad603d496062"
  type: "Bill"
  sourceId: "53615590-8f0a-40e6-816a-ad603d496062"
  contact: "998 12345740 (PRESSURE WORK DESIGN CONSULTANTS) [205398a5-a6c5-4a09-938a-7308f6334f41]"
2023-08-24 * "Bill #737 INV#362 GIA PURCHASE, SE/2400164"
  referenceNo: "737"
  orderId: "d53a6dbe-4844-4be2-b7b3-c8542c16fbf1"
  type: "Bill"
  Expenses:CostOfSales:Purchase:PurchaseItem:BuyDiamond 22611.3 HKD
  category: "Natural Diamond"
  sku: "2467565426"
  qty: 1
  referenceNo: "737"
  orderId: "d53a6dbe-4844-4be2-b7b3-c8542c16fbf1"
  type: "Bill Item"
  sourceId: "d660e08f-cc74-4bc0-b5e9-f14d34e8a281"
  Liabilities:CurrentLiabilities:AccountPayable
  referenceNo: "737"
  orderId: "d53a6dbe-4844-4be2-b7b3-c8542c16fbf1"
  type: "Bill"
  sourceId: "d53a6dbe-4844-4be2-b7b3-c8542c16fbf1"
  contact: "998 12345716 (HDL- HRISHI DIAM LTD.) [65487079-78f7-426a-a840-aa15185d2526]"
2023-08-24 * "880 806 () [53b8789a-4451-4a1f-84f7-a9c5da7ada1a]" "Bill Payment for Bill #728 #78f77399-e4f7-4f30-974f-adaa7c44f50c"
  contact: "880 806 () [53b8789a-4451-4a1f-84f7-a9c5da7ada1a]"
  Liabilities:CurrentLiabilities:AccountPayable 7916.65 HKD
  type: "Bill Payment"
  sourceId: "78f77399-e4f7-4f30-974f-adaa7c44f50c"
  referenceNo: "728"
  orderId: "ccabbea6-a12c-4608-a492-fba5f95853cb"
  Assets:CurrentAssets:Bank:BocCurrentBank -7916.65 HKD
  type: "Bill Payment"
  sourceId: "78f77399-e4f7-4f30-974f-adaa7c44f50c"
  referenceNo: "728"
  orderId: "ccabbea6-a12c-4608-a492-fba5f95853cb"
2023-08-24 * "Invoice #239 AA39271"
  Income:Sales:SalesItem:Sell18kJewelry -4500 HKD
  category: "Ring Setting"
  sku: "BESPOKE00004"
  qty: 1
  referenceNo: "239"
  orderId: "33392f58-863d-4b30-980a-bf1e16992360"
  type: "Invoice Item"
  sourceId: "ba827587-393f-4c7a-bbcd-a3f37bbe316a"
  Income:Sales:SalesItem:SellDiamond -27300 HKD
  category: "Natural Diamond"
  sku: "2467565426"
  qty: 1
  referenceNo: "239"
  orderId: "33392f58-863d-4b30-980a-bf1e16992360"
  type: "Invoice Item"
  sourceId: "68b8c9e3-0c24-4c38-be34-fd3f5cc108bd"
  Assets:CurrentAssets:AccountReceivable
  referenceNo: "239"
  orderId: "33392f58-863d-4b30-980a-bf1e16992360"
  type: "Invoice"
  sourceId: "33392f58-863d-4b30-980a-bf1e16992360"
  contact: "852 95204790 (MR. ALEX NG) [c5b3d348-40b4-4b7b-b6da-acb05e8cac31]"
2023-08-24 * "Assets:CurrentAssets:Bank:AeBank" "Invoice Payment for Invoice #239 #231bc3e8-8f20-4f04-a9e7-3242edb30fbd"
  Assets:CurrentAssets:Bank:AeBank 20000 HKD
  type: "Invoice Payment"
  sourceId: "231bc3e8-8f20-4f04-a9e7-3242edb30fbd"
  referenceNo: "239"
  orderId: "33392f58-863d-4b30-980a-bf1e16992360"
  Assets:CurrentAssets:AccountReceivable -20000 HKD
  type: "Invoice Payment"
  sourceId: "231bc3e8-8f20-4f04-a9e7-3242edb30fbd"
  referenceNo: "239"
  orderId: "33392f58-863d-4b30-980a-bf1e16992360"
  contact: "852 95204790 (MR. ALEX NG) [c5b3d348-40b4-4b7b-b6da-acb05e8cac31]"
2023-08-25 * "Invoice #252 "
  Income:Sales:SalesItem:SellBespokeorotherFee -0 HKD
  description: "GIA #6422884486 1.00CT H SI1
SETTING RING REPAIR"
  qty: 1
  referenceNo: "252"
  orderId: "682b4824-65e1-4e43-baa1-6c9b5705b5a0"
  type: "Invoice Item"
  sourceId: "3a2b0a3c-4493-4cf1-9191-6cd1c454b377"
  Assets:CurrentAssets:AccountReceivable
  referenceNo: "252"
  orderId: "682b4824-65e1-4e43-baa1-6c9b5705b5a0"
  type: "Invoice"
  sourceId: "682b4824-65e1-4e43-baa1-6c9b5705b5a0"
  contact: "852 61584981 (SO CHUN KIT) [a052923c-42de-4697-91fa-00e92affc57b]"
2023-08-25 * "Bill #729 kpay082"
  referenceNo: "729"
  orderId: "846f7144-7fe9-405d-96a5-788752f5d69f"
  type: "Bill"
  Expenses:CardFeeExpense 217 HKD
  qty: "1"
  description: "14400-14183 = 217"
  referenceNo: "729"
  orderId: "846f7144-7fe9-405d-96a5-788752f5d69f"
  type: "Bill Item"
  sourceId: "e304631e-6374-4e75-a89a-5506c5c65bd5"
  Liabilities:CurrentLiabilities:AccountPayable
  referenceNo: "729"
  orderId: "846f7144-7fe9-405d-96a5-788752f5d69f"
  type: "Bill"
  sourceId: "846f7144-7fe9-405d-96a5-788752f5d69f"
  contact: "998 12345821 (KPAY) [5a706f32-7edc-48d8-ae47-62fee1e8bba1]"
2023-08-25 * "Bill #726 INV#366 REPAIR, NO. 01555"
  referenceNo: "726"
  orderId: "47a1a1ab-221f-4d26-b696-26048339c316"
  type: "Bill"
  Expenses:CostOfSales:Purchase:PurchaseItem:BuyCost-ProcessingFee 500 HKD
  category: "Other"
  sku: "Processing 039"
  qty: 1
  referenceNo: "726"
  orderId: "47a1a1ab-221f-4d26-b696-26048339c316"
  type: "Bill Item"
  sourceId: "63880029-eac8-45c0-8906-e66545b6f3d7"
  Liabilities:CurrentLiabilities:AccountPayable
  referenceNo: "726"
  orderId: "47a1a1ab-221f-4d26-b696-26048339c316"
  type: "Bill"
  sourceId: "47a1a1ab-221f-4d26-b696-26048339c316"
  contact: "852 96221974 (強哥 首飾加工師傅) [cef6a8eb-0892-4a7c-bfdc-328752af4fd5]"
2023-08-25 * "998 12345821 (KPAY) [5a706f32-7edc-48d8-ae47-62fee1e8bba1]" "Bill Payment for Bill #729 #35acd2a5-eef3-4e33-9026-514b2e6afaf0"
  contact: "998 12345821 (KPAY) [5a706f32-7edc-48d8-ae47-62fee1e8bba1]"
  Liabilities:CurrentLiabilities:AccountPayable 217 HKD
  type: "Bill Payment"
  sourceId: "35acd2a5-eef3-4e33-9026-514b2e6afaf0"
  referenceNo: "729"
  orderId: "846f7144-7fe9-405d-96a5-788752f5d69f"
  Assets:CurrentAssets:Bank:KpayBank -217 HKD
  type: "Bill Payment"
  sourceId: "35acd2a5-eef3-4e33-9026-514b2e6afaf0"
  referenceNo: "729"
  orderId: "846f7144-7fe9-405d-96a5-788752f5d69f"
2023-08-25 * "Invoice #241 AA39272"
  Income:Sales:SalesItem:SellGoldJewelry -650 HKD
  category: "Gold Jewelry"
  sku: "DDFF2305120A000000000023"
  qty: 1
  referenceNo: "241"
  orderId: "d7181a31-fb6d-41d8-be27-2b05f50a6fd7"
  type: "Invoice Item"
  sourceId: "7371c0cd-f621-4148-8a28-90d5c1c28a67"
  Income:Sales:SalesItem:SellGoldJewelry -960 HKD
  category: "Gold Jewelry"
  sku: "DDFF2305170A000000000014"
  qty: 1
  referenceNo: "241"
  orderId: "d7181a31-fb6d-41d8-be27-2b05f50a6fd7"
  type: "Invoice Item"
  sourceId: "2b13590f-6925-41d0-951d-446467d3c8b0"
  Assets:CurrentAssets:AccountReceivable
  referenceNo: "241"
  orderId: "d7181a31-fb6d-41d8-be27-2b05f50a6fd7"
  type: "Invoice"
  sourceId: "d7181a31-fb6d-41d8-be27-2b05f50a6fd7"
  contact: "880 802 (Walk in) [42348712-7daa-4c29-93b7-756b472429a4]"
2023-08-25 * "Invoice #242 AA39275"
  Income:Sales:SalesItem:SellGoldJewelry -4800 HKD
  category: "Gold Jewelry"
  sku: "DDFF23051204000000000022"
  qty: 1
  referenceNo: "242"
  orderId: "af7fddcc-f5ca-4482-a2ea-af4dfb775b96"
  type: "Invoice Item"
  sourceId: "f4c81234-b01b-4112-8599-bb5354bc6389"
  Assets:CurrentAssets:AccountReceivable
  referenceNo: "242"
  orderId: "af7fddcc-f5ca-4482-a2ea-af4dfb775b96"
  type: "Invoice"
  sourceId: "af7fddcc-f5ca-4482-a2ea-af4dfb775b96"
  contact: "998 12345829 (Elma's fd Ms. Ma) [a9f36e9f-5197-4b45-974d-39e6b5b8dfd8]"
2023-08-25 * "Assets:CurrentAssets:Bank:KpayBank" "Invoice Payment for Invoice #241 #a69ed833-42bc-41ee-8506-86718e3808e1"
  Assets:CurrentAssets:Bank:KpayBank 1610 HKD
  type: "Invoice Payment"
  sourceId: "a69ed833-42bc-41ee-8506-86718e3808e1"
  referenceNo: "241"
  orderId: "d7181a31-fb6d-41d8-be27-2b05f50a6fd7"
  Assets:CurrentAssets:AccountReceivable -1610 HKD
  type: "Invoice Payment"
  sourceId: "a69ed833-42bc-41ee-8506-86718e3808e1"
  referenceNo: "241"
  orderId: "d7181a31-fb6d-41d8-be27-2b05f50a6fd7"
  contact: "880 802 (Walk in) [42348712-7daa-4c29-93b7-756b472429a4]"
2023-08-25 * "Assets:CurrentAssets:Cash:CashInHand" "Invoice Payment for Invoice #242 #c14a89aa-ddc9-4a78-a676-a412866acc30"
  Assets:CurrentAssets:Cash:CashInHand 4800 HKD
  type: "Invoice Payment"
  sourceId: "c14a89aa-ddc9-4a78-a676-a412866acc30"
  referenceNo: "242"
  orderId: "af7fddcc-f5ca-4482-a2ea-af4dfb775b96"
  Assets:CurrentAssets:AccountReceivable -4800 HKD
  type: "Invoice Payment"
  sourceId: "c14a89aa-ddc9-4a78-a676-a412866acc30"
  referenceNo: "242"
  orderId: "af7fddcc-f5ca-4482-a2ea-af4dfb775b96"
  contact: "998 12345829 (Elma's fd Ms. Ma) [a9f36e9f-5197-4b45-974d-39e6b5b8dfd8]"
2023-08-26 * "852 96221974 (強哥 首飾加工師傅) [cef6a8eb-0892-4a7c-bfdc-328752af4fd5]" "Bill Payment for Bill #726 #93ab5b76-555c-45c1-8682-f87ddbbe8a52"
  contact: "852 96221974 (強哥 首飾加工師傅) [cef6a8eb-0892-4a7c-bfdc-328752af4fd5]"
  Liabilities:CurrentLiabilities:AccountPayable 500 HKD
  type: "Bill Payment"
  sourceId: "93ab5b76-555c-45c1-8682-f87ddbbe8a52"
  referenceNo: "726"
  orderId: "47a1a1ab-221f-4d26-b696-26048339c316"
  Assets:CurrentAssets:Cash:CashInHand -500 HKD
  type: "Bill Payment"
  sourceId: "93ab5b76-555c-45c1-8682-f87ddbbe8a52"
  referenceNo: "726"
  orderId: "47a1a1ab-221f-4d26-b696-26048339c316"
2023-08-26 * "Invoice #245 AA39277"
  Income:Sales:SalesItem:SellGoldJewelry -8000 HKD
  category: "Gold Jewelry"
  sku: "DDFF23051704000000000063"
  qty: 1
  referenceNo: "245"
  orderId: "4e2d2eb5-3e14-4894-be17-9d385b0b8dcd"
  type: "Invoice Item"
  sourceId: "5da9c2dd-f245-4b53-83de-f1e05812dcb3"
  Assets:CurrentAssets:AccountReceivable
  referenceNo: "245"
  orderId: "4e2d2eb5-3e14-4894-be17-9d385b0b8dcd"
  type: "Invoice"
  sourceId: "4e2d2eb5-3e14-4894-be17-9d385b0b8dcd"
  contact: "880 802 (Walk in) [42348712-7daa-4c29-93b7-756b472429a4]"
2023-08-26 * "Assets:CurrentAssets:Bank:AeBank" "Invoice Payment for Invoice #245 #42406576-d69a-466e-b8b0-822ea9731f14"
  Assets:CurrentAssets:Bank:AeBank 8000 HKD
  type: "Invoice Payment"
  sourceId: "42406576-d69a-466e-b8b0-822ea9731f14"
  referenceNo: "245"
  orderId: "4e2d2eb5-3e14-4894-be17-9d385b0b8dcd"
  Assets:CurrentAssets:AccountReceivable -8000 HKD
  type: "Invoice Payment"
  sourceId: "42406576-d69a-466e-b8b0-822ea9731f14"
  referenceNo: "245"
  orderId: "4e2d2eb5-3e14-4894-be17-9d385b0b8dcd"
  contact: "880 802 (Walk in) [42348712-7daa-4c29-93b7-756b472429a4]"
2023-08-27 * "Invoice #246 "
  Income:Sales:SalesItem:SellGoldJewelry -960 HKD
  category: "Gold Jewelry"
  sku: "DDFF2305170A000000000024"
  qty: 1
  referenceNo: "246"
  orderId: "b21cdbcf-714e-4618-91c8-87eb875edac4"
  type: "Invoice Item"
  sourceId: "7d48e77d-dbfc-4d26-ab11-684499baf1d4"
  Assets:CurrentAssets:AccountReceivable
  referenceNo: "246"
  orderId: "b21cdbcf-714e-4618-91c8-87eb875edac4"
  type: "Invoice"
  sourceId: "b21cdbcf-714e-4618-91c8-87eb875edac4"
  contact: "880 802 (Walk in) [42348712-7daa-4c29-93b7-756b472429a4]"
2023-08-27 * "Assets:CurrentAssets:Bank:KpayBank" "Invoice Payment for Invoice #246 #4e7d0895-d066-46eb-b975-a7b98b631664"
  Assets:CurrentAssets:Bank:KpayBank 960 HKD
  type: "Invoice Payment"
  sourceId: "4e7d0895-d066-46eb-b975-a7b98b631664"
  referenceNo: "246"
  orderId: "b21cdbcf-714e-4618-91c8-87eb875edac4"
  Assets:CurrentAssets:AccountReceivable -960 HKD
  type: "Invoice Payment"
  sourceId: "4e7d0895-d066-46eb-b975-a7b98b631664"
  referenceNo: "246"
  orderId: "b21cdbcf-714e-4618-91c8-87eb875edac4"
  contact: "880 802 (Walk in) [42348712-7daa-4c29-93b7-756b472429a4]"
2023-08-28 * "Bill #730 ae001"
  referenceNo: "730"
  orderId: "0b9ce40b-d500-49c2-b2d4-96fcf396b140"
  type: "Bill"
  Expenses:CardFeeExpense 532 HKD
  qty: "1"
  description: "28000-27468 = 532"
  referenceNo: "730"
  orderId: "0b9ce40b-d500-49c2-b2d4-96fcf396b140"
  type: "Bill Item"
  sourceId: "e4aac473-f50c-4028-a3c6-1edc81b3cb67"
  Liabilities:CurrentLiabilities:AccountPayable
  referenceNo: "730"
  orderId: "0b9ce40b-d500-49c2-b2d4-96fcf396b140"
  type: "Bill"
  sourceId: "0b9ce40b-d500-49c2-b2d4-96fcf396b140"
  contact: "998 12345784 (AE) [886cf440-ce59-4d7a-8f74-b3dbe8707bd8]"
2023-08-28 * "998 12345784 (AE) [886cf440-ce59-4d7a-8f74-b3dbe8707bd8]" "Bill Payment for Bill #730 #e06d4e1a-1613-4b79-a993-105e593c5b0d"
  contact: "998 12345784 (AE) [886cf440-ce59-4d7a-8f74-b3dbe8707bd8]"
  Liabilities:CurrentLiabilities:AccountPayable 532 HKD
  type: "Bill Payment"
  sourceId: "e06d4e1a-1613-4b79-a993-105e593c5b0d"
  referenceNo: "730"
  orderId: "0b9ce40b-d500-49c2-b2d4-96fcf396b140"
  Assets:CurrentAssets:Bank:AeBank -532 HKD
  type: "Bill Payment"
  sourceId: "e06d4e1a-1613-4b79-a993-105e593c5b0d"
  referenceNo: "730"
  orderId: "0b9ce40b-d500-49c2-b2d4-96fcf396b140"
2023-08-28 * "Assets:CurrentAssets:Cash:CashInHand" "Invoice Payment for Invoice #243 #956f050f-f017-4288-976c-1b2e37ba95d2"
  Assets:CurrentAssets:Cash:CashInHand 500 HKD
  type: "Invoice Payment"
  sourceId: "956f050f-f017-4288-976c-1b2e37ba95d2"
  referenceNo: "243"
  orderId: "fab4b680-9c64-4995-9dfe-9fa430f5206f"
  Assets:CurrentAssets:AccountReceivable -500 HKD
  type: "Invoice Payment"
  sourceId: "956f050f-f017-4288-976c-1b2e37ba95d2"
  referenceNo: "243"
  orderId: "fab4b680-9c64-4995-9dfe-9fa430f5206f"
  contact: "852 94646666 (PHOEBE) [d704c773-f043-4ce9-b299-a89253ec6d15]"
2023-08-29 * "Bill #731 SALARY 23年8月"
  referenceNo: "731"
  orderId: "3618d10c-4ab0-4c05-9d58-a1de0b035855"
  type: "Bill"
  Expenses:WagesAndSalaries 52250 HKD
  qty: "1"
  description: "SALARY 23年8月"
  referenceNo: "731"
  orderId: "3618d10c-4ab0-4c05-9d58-a1de0b035855"
  type: "Bill Item"
  sourceId: "59c5183b-f5b1-48f0-bcbc-cca491220483"
  Liabilities:CurrentLiabilities:AccountPayable
  referenceNo: "731"
  orderId: "3618d10c-4ab0-4c05-9d58-a1de0b035855"
  type: "Bill"
  sourceId: "3618d10c-4ab0-4c05-9d58-a1de0b035855"
  contact: "880 806 () [53b8789a-4451-4a1f-84f7-a9c5da7ada1a]"
2023-08-29 * "880 806 () [53b8789a-4451-4a1f-84f7-a9c5da7ada1a]" "Bill Payment for Bill #731 #88c9745e-1199-4264-9b87-b60d6aeab224"
  contact: "880 806 () [53b8789a-4451-4a1f-84f7-a9c5da7ada1a]"
  Liabilities:CurrentLiabilities:AccountPayable 52250 HKD
  type: "Bill Payment"
  sourceId: "88c9745e-1199-4264-9b87-b60d6aeab224"
  referenceNo: "731"
  orderId: "3618d10c-4ab0-4c05-9d58-a1de0b035855"
  Assets:CurrentAssets:Bank:BocSavingBank -52250 HKD
  type: "Bill Payment"
  sourceId: "88c9745e-1199-4264-9b87-b60d6aeab224"
  referenceNo: "731"
  orderId: "3618d10c-4ab0-4c05-9d58-a1de0b035855"
2023-08-29 * "Invoice #247 AA 39276, "
  Income:Sales:SalesItem:SellGoldJewelry -4004 HKD
  category: "Gold Jewelry"
  sku: "DDFF23051704000000000087"
  qty: 1
  referenceNo: "247"
  orderId: "bb8c9217-3ed1-4545-8c8e-fc9e3ac82d4d"
  type: "Invoice Item"
  sourceId: "781305a2-8fa4-480a-b52f-be573f780684"
  Assets:CurrentAssets:AccountReceivable
  referenceNo: "247"
  orderId: "bb8c9217-3ed1-4545-8c8e-fc9e3ac82d4d"
  type: "Invoice"
  sourceId: "bb8c9217-3ed1-4545-8c8e-fc9e3ac82d4d"
  contact: "880 802 (Walk in) [42348712-7daa-4c29-93b7-756b472429a4]"
2023-08-29 * "Assets:CurrentAssets:Bank:KpayBank" "Invoice Payment for Invoice #247 #f7aa78cf-9292-47ba-bffa-1d0e32be0bbd"
  Assets:CurrentAssets:Bank:KpayBank 4004 HKD
  type: "Invoice Payment"
  sourceId: "f7aa78cf-9292-47ba-bffa-1d0e32be0bbd"
  referenceNo: "247"
  orderId: "bb8c9217-3ed1-4545-8c8e-fc9e3ac82d4d"
  Assets:CurrentAssets:AccountReceivable -4004 HKD
  type: "Invoice Payment"
  sourceId: "f7aa78cf-9292-47ba-bffa-1d0e32be0bbd"
  referenceNo: "247"
  orderId: "bb8c9217-3ed1-4545-8c8e-fc9e3ac82d4d"
  contact: "880 802 (Walk in) [42348712-7daa-4c29-93b7-756b472429a4]"
2023-08-30 * "Bill #734 kpay084"
  referenceNo: "734"
  orderId: "4c6ba3d8-e0d7-43e7-9b71-5ecf2c2e06b3"
  type: "Bill"
  Expenses:CardFeeExpense 12.52 HKD
  qty: "1"
  description: "960-947.48=12.52"
  referenceNo: "734"
  orderId: "4c6ba3d8-e0d7-43e7-9b71-5ecf2c2e06b3"
  type: "Bill Item"
  sourceId: "8c95ce30-f082-4dcc-859f-140200cc9ce6"
  Liabilities:CurrentLiabilities:AccountPayable
  referenceNo: "734"
  orderId: "4c6ba3d8-e0d7-43e7-9b71-5ecf2c2e06b3"
  type: "Bill"
  sourceId: "4c6ba3d8-e0d7-43e7-9b71-5ecf2c2e06b3"
  contact: "998 12345821 (KPAY) [5a706f32-7edc-48d8-ae47-62fee1e8bba1]"
2023-08-30 * "Bill #733 kpay083"
  referenceNo: "733"
  orderId: "e2e93f0d-f801-4f3e-a92a-e4b80f70c660"
  type: "Bill"
  Expenses:CardFeeExpense 20.32 HKD
  qty: "1"
  description: "1610-1589.68=20.32"
  referenceNo: "733"
  orderId: "e2e93f0d-f801-4f3e-a92a-e4b80f70c660"
  type: "Bill Item"
  sourceId: "d801af17-295e-4784-91cb-2611f9db8591"
  Liabilities:CurrentLiabilities:AccountPayable
  referenceNo: "733"
  orderId: "e2e93f0d-f801-4f3e-a92a-e4b80f70c660"
  type: "Bill"
  sourceId: "e2e93f0d-f801-4f3e-a92a-e4b80f70c660"
  contact: "998 12345821 (KPAY) [5a706f32-7edc-48d8-ae47-62fee1e8bba1]"
2023-08-30 * "Bill #1248 G17上網(2023-9月)"
  referenceNo: "1248"
  orderId: "a8479c2d-d57e-4a1d-a6d4-5c5dd0409cfb"
  type: "Bill"
  Expenses:TelephoneAndInternetAndAlarm 338 HKD
  qty: "1"
  description: "G17上網(2023-9月)"
  referenceNo: "1248"
  orderId: "a8479c2d-d57e-4a1d-a6d4-5c5dd0409cfb"
  type: "Bill Item"
  sourceId: "6b349ab5-01ac-4845-ac44-fefd7b7308ba"
  Liabilities:CurrentLiabilities:AccountPayable
  referenceNo: "1248"
  orderId: "a8479c2d-d57e-4a1d-a6d4-5c5dd0409cfb"
  type: "Bill"
  sourceId: "a8479c2d-d57e-4a1d-a6d4-5c5dd0409cfb"
  contact: "880 806 () [53b8789a-4451-4a1f-84f7-a9c5da7ada1a]"
2023-08-30 * "Bill #738 INV#371 GIA PURCHASE, SE/2401766"
  referenceNo: "738"
  orderId: "bb3cdf46-b0c1-4992-b9af-2481d6715cb6"
  type: "Bill"
  Expenses:CostOfSales:Purchase:PurchaseItem:BuyDiamond 42300 HKD
  category: "Natural Diamond"
  sku: "6462332075"
  qty: 1
  referenceNo: "738"
  orderId: "bb3cdf46-b0c1-4992-b9af-2481d6715cb6"
  type: "Bill Item"
  sourceId: "f5301257-925b-4601-b208-6072bf205162"
  Liabilities:CurrentLiabilities:AccountPayable
  referenceNo: "738"
  orderId: "bb3cdf46-b0c1-4992-b9af-2481d6715cb6"
  type: "Bill"
  sourceId: "bb3cdf46-b0c1-4992-b9af-2481d6715cb6"
  contact: "998 12345710 (EXD Excellent Diamond Ltd) [20d22498-8c0a-4dfe-a487-d86a4b0bfa64]"
2023-08-30 * "880 806 () [53b8789a-4451-4a1f-84f7-a9c5da7ada1a]" "Bill Payment for Bill #1248 #df090ee0-e313-4275-9012-ed8461ebf508"
  contact: "880 806 () [53b8789a-4451-4a1f-84f7-a9c5da7ada1a]"
  Liabilities:CurrentLiabilities:AccountPayable 338 HKD
  type: "Bill Payment"
  sourceId: "df090ee0-e313-4275-9012-ed8461ebf508"
  referenceNo: "1248"
  orderId: "a8479c2d-d57e-4a1d-a6d4-5c5dd0409cfb"
  Liabilities:CurrentLiabilities:CurrentAccount:C-a-MilrichElectronicsHkCoLtd -338 HKD
  type: "Bill Payment"
  sourceId: "df090ee0-e313-4275-9012-ed8461ebf508"
  referenceNo: "1248"
  orderId: "a8479c2d-d57e-4a1d-a6d4-5c5dd0409cfb"
2023-08-30 * "998 12345821 (KPAY) [5a706f32-7edc-48d8-ae47-62fee1e8bba1]" "Bill Payment for Bill #734 #81fd9abc-d30d-4c1f-97ad-94f9eb7ee3c7"
  contact: "998 12345821 (KPAY) [5a706f32-7edc-48d8-ae47-62fee1e8bba1]"
  Liabilities:CurrentLiabilities:AccountPayable 12.52 HKD
  type: "Bill Payment"
  sourceId: "81fd9abc-d30d-4c1f-97ad-94f9eb7ee3c7"
  referenceNo: "734"
  orderId: "4c6ba3d8-e0d7-43e7-9b71-5ecf2c2e06b3"
  Assets:CurrentAssets:Bank:KpayBank -12.52 HKD
  type: "Bill Payment"
  sourceId: "81fd9abc-d30d-4c1f-97ad-94f9eb7ee3c7"
  referenceNo: "734"
  orderId: "4c6ba3d8-e0d7-43e7-9b71-5ecf2c2e06b3"
2023-08-30 * "998 12345821 (KPAY) [5a706f32-7edc-48d8-ae47-62fee1e8bba1]" "Bill Payment for Bill #733 #04aef299-5e19-4845-a7b0-344a307159ac"
  contact: "998 12345821 (KPAY) [5a706f32-7edc-48d8-ae47-62fee1e8bba1]"
  Liabilities:CurrentLiabilities:AccountPayable 20.32 HKD
  type: "Bill Payment"
  sourceId: "04aef299-5e19-4845-a7b0-344a307159ac"
  referenceNo: "733"
  orderId: "e2e93f0d-f801-4f3e-a92a-e4b80f70c660"
  Assets:CurrentAssets:Bank:KpayBank -20.32 HKD
  type: "Bill Payment"
  sourceId: "04aef299-5e19-4845-a7b0-344a307159ac"
  referenceNo: "733"
  orderId: "e2e93f0d-f801-4f3e-a92a-e4b80f70c660"
2023-08-30 * "Invoice #248 "
  Income:Sales:SalesItem:SellDiamond -44300 HKD
  category: "Natural Diamond"
  sku: "6462332075"
  qty: 1
  referenceNo: "248"
  orderId: "4f735e2c-2826-4689-95b9-6a43764ec63e"
  type: "Invoice Item"
  sourceId: "ad51004b-c6e7-4ea0-81e6-9cc6fccfce03"
  Income:Sales:SalesItem:Sell18kJewelry -4200 HKD
  category: "Ring Setting"
  sku: "DD2024080900000002"
  qty: 1
  referenceNo: "248"
  orderId: "4f735e2c-2826-4689-95b9-6a43764ec63e"
  type: "Invoice Item"
  sourceId: "b905554a-d986-43ca-9f36-a3755d7df08f"
  Assets:CurrentAssets:AccountReceivable
  referenceNo: "248"
  orderId: "4f735e2c-2826-4689-95b9-6a43764ec63e"
  type: "Invoice"
  sourceId: "4f735e2c-2826-4689-95b9-6a43764ec63e"
  contact: "852 52817863 (MR. YAU FOR) [64a58f51-df31-420b-bebd-4257cc671da5]"
2023-08-30 * "Bill #732 INV#371訂貨 (未收Skyhigh invoice)"
  referenceNo: "732"
  orderId: "3ef14803-b1a3-4687-babe-bf2f6b883a0d"
  type: "Bill"
  Expenses:CostOfSales:Purchase:PurchaseItem:Buy18kJewelry 1919 HKD
  category: "Ring Setting"
  sku: "DD2024080900000002"
  qty: 1
  referenceNo: "732"
  orderId: "3ef14803-b1a3-4687-babe-bf2f6b883a0d"
  type: "Bill Item"
  sourceId: "80724d7b-d301-40ef-977d-0f22ffb5f9cc"
  Liabilities:CurrentLiabilities:AccountPayable
  referenceNo: "732"
  orderId: "3ef14803-b1a3-4687-babe-bf2f6b883a0d"
  type: "Bill"
  sourceId: "3ef14803-b1a3-4687-babe-bf2f6b883a0d"
  contact: "998 12345767 (SkyHigh Holdings Group Ltd) [efdca012-5d6e-4361-8ec7-f5566615d58a]"
2023-08-30 * "Assets:CurrentAssets:Bank:BocSavingBank" "Invoice Payment for Invoice #248 #c7855718-aa82-4b08-ae94-0eaab6107da9"
  Assets:CurrentAssets:Bank:BocSavingBank 25000 HKD
  type: "Invoice Payment"
  sourceId: "c7855718-aa82-4b08-ae94-0eaab6107da9"
  referenceNo: "248"
  orderId: "4f735e2c-2826-4689-95b9-6a43764ec63e"
  Assets:CurrentAssets:AccountReceivable -25000 HKD
  type: "Invoice Payment"
  sourceId: "c7855718-aa82-4b08-ae94-0eaab6107da9"
  referenceNo: "248"
  orderId: "4f735e2c-2826-4689-95b9-6a43764ec63e"
  contact: "852 52817863 (MR. YAU FOR) [64a58f51-df31-420b-bebd-4257cc671da5]"
2023-08-31 * "Invoice #250 INTEREST"
  Income:OtherIncome:Interest-bank -65.89 HKD
  description: "INTEREST"
  qty: 1
  referenceNo: "250"
  orderId: "5c058876-97af-463e-9044-7ff80e4224cd"
  type: "Invoice Item"
  sourceId: "3f03614d-947b-4918-8577-daecd16c3f16"
  Assets:CurrentAssets:AccountReceivable
  referenceNo: "250"
  orderId: "5c058876-97af-463e-9044-7ff80e4224cd"
  type: "Invoice"
  sourceId: "5c058876-97af-463e-9044-7ff80e4224cd"
  contact: "998 12345835 (boc(bank of china)) [82f385a7-d238-4826-9a12-e06648f93cdb]"
2023-08-31 * "Bill #735 BANK FEE"
  referenceNo: "735"
  orderId: "842f3b06-762c-4dd3-af7d-7fa22993f67c"
  type: "Bill"
  Expenses:BankFeesExpense 55 HKD
  qty: "1"
  description: "BANK FEE"
  referenceNo: "735"
  orderId: "842f3b06-762c-4dd3-af7d-7fa22993f67c"
  type: "Bill Item"
  sourceId: "a661e519-080b-4ada-9c2d-c20a662d1357"
  Liabilities:CurrentLiabilities:AccountPayable
  referenceNo: "735"
  orderId: "842f3b06-762c-4dd3-af7d-7fa22993f67c"
  type: "Bill"
  sourceId: "842f3b06-762c-4dd3-af7d-7fa22993f67c"
  contact: "880 806 () [53b8789a-4451-4a1f-84f7-a9c5da7ada1a]"
2023-08-31 * "Assets:CurrentAssets:Bank:BocSavingBank" "Invoice Payment for Invoice #250 #b69e965a-7581-45d1-9ed9-b9c6ff30a058"
  Assets:CurrentAssets:Bank:BocSavingBank 65.89 HKD
  type: "Invoice Payment"
  sourceId: "b69e965a-7581-45d1-9ed9-b9c6ff30a058"
  referenceNo: "250"
  orderId: "5c058876-97af-463e-9044-7ff80e4224cd"
  Assets:CurrentAssets:AccountReceivable -65.89 HKD
  type: "Invoice Payment"
  sourceId: "b69e965a-7581-45d1-9ed9-b9c6ff30a058"
  referenceNo: "250"
  orderId: "5c058876-97af-463e-9044-7ff80e4224cd"
  contact: "998 12345835 (boc(bank of china)) [82f385a7-d238-4826-9a12-e06648f93cdb]"
2023-08-31 * "998 12345716 (HDL- HRISHI DIAM LTD.) [65487079-78f7-426a-a840-aa15185d2526]" "Bill Payment for Bill #737 #444955c7-8f85-4d1f-90ef-b0b2dc9605c6"
  contact: "998 12345716 (HDL- HRISHI DIAM LTD.) [65487079-78f7-426a-a840-aa15185d2526]"
  Liabilities:CurrentLiabilities:AccountPayable 22611.3 HKD
  type: "Bill Payment"
  sourceId: "444955c7-8f85-4d1f-90ef-b0b2dc9605c6"
  referenceNo: "737"
  orderId: "d53a6dbe-4844-4be2-b7b3-c8542c16fbf1"
  Assets:CurrentAssets:Bank:BocSavingBank -22611.3 HKD
  type: "Bill Payment"
  sourceId: "444955c7-8f85-4d1f-90ef-b0b2dc9605c6"
  referenceNo: "737"
  orderId: "d53a6dbe-4844-4be2-b7b3-c8542c16fbf1"
2023-08-31 * "998 12345710 (EXD Excellent Diamond Ltd) [20d22498-8c0a-4dfe-a487-d86a4b0bfa64]" "Bill Payment for Bill #738 #93b8296b-eee2-442d-a88c-d86d7edc7130"
  contact: "998 12345710 (EXD Excellent Diamond Ltd) [20d22498-8c0a-4dfe-a487-d86a4b0bfa64]"
  Liabilities:CurrentLiabilities:AccountPayable 42300 HKD
  type: "Bill Payment"
  sourceId: "93b8296b-eee2-442d-a88c-d86d7edc7130"
  referenceNo: "738"
  orderId: "bb3cdf46-b0c1-4992-b9af-2481d6715cb6"
  Assets:CurrentAssets:Bank:BocSavingBank -42300 HKD
  type: "Bill Payment"
  sourceId: "93b8296b-eee2-442d-a88c-d86d7edc7130"
  referenceNo: "738"
  orderId: "bb3cdf46-b0c1-4992-b9af-2481d6715cb6"
2023-08-31 * "880 806 () [53b8789a-4451-4a1f-84f7-a9c5da7ada1a]" "Bill Payment for Bill #735 #44aedd0c-a805-4ba0-90a3-4842fe452258"
  contact: "880 806 () [53b8789a-4451-4a1f-84f7-a9c5da7ada1a]"
  Liabilities:CurrentLiabilities:AccountPayable 55 HKD
  type: "Bill Payment"
  sourceId: "44aedd0c-a805-4ba0-90a3-4842fe452258"
  referenceNo: "735"
  orderId: "842f3b06-762c-4dd3-af7d-7fa22993f67c"
  Assets:CurrentAssets:Bank:BocSavingBank -55 HKD
  type: "Bill Payment"
  sourceId: "44aedd0c-a805-4ba0-90a3-4842fe452258"
  referenceNo: "735"
  orderId: "842f3b06-762c-4dd3-af7d-7fa22993f67c"