; ORDER transactions for 2023-09

2023-09-03 * "Invoice #249 AA39279 "
  Income:Sales:SalesItem:SellGoldJewelry -3200.00 HKD
  category: "Gold Jewelry"
  sku: "DDFF23051707000000000001"
  qty: 1
  referenceNo: "249"
  orderId: "602c1642-797b-47f0-8322-b9661176bc07"
  type: "Invoice Item"
  sourceId: "25c84724-e1b2-4c63-96e4-7881ace0e4dc"
  Assets:CurrentAssets:AccountReceivable
  referenceNo: "249"
  orderId: "602c1642-797b-47f0-8322-b9661176bc07"
  type: "Invoice"
  sourceId: "602c1642-797b-47f0-8322-b9661176bc07"
  contact: "880 802 (Walkin) [42348712-7daa-4c29-93b7-756b472429a4]"
2023-09-03 * "Assets:CurrentAssets:Cash:CashInHand" "Invoice Payment for Invoice #249 #bedb5555-d67d-4798-9b97-518c90008969"
  Assets:CurrentAssets:Cash:CashInHand 3200.00 HKD
  type: "Invoice Payment"
  sourceId: "bedb5555-d67d-4798-9b97-518c90008969"
  referenceNo: "249"
  orderId: "602c1642-797b-47f0-8322-b9661176bc07"
  Assets:CurrentAssets:AccountReceivable -3200.00 HKD
  type: "Invoice Payment"
  sourceId: "bedb5555-d67d-4798-9b97-518c90008969"
  referenceNo: "249"
  orderId: "602c1642-797b-47f0-8322-b9661176bc07"
  contact: "880 802 (Walkin) [42348712-7daa-4c29-93b7-756b472429a4]"
2023-09-04 * "Invoice #251 代收 GDH"
  Income:Sales:SalesItem:SellBespokeorotherFee -2900.00 HKD
  description: "代收 GDH "
  qty: 1
  referenceNo: "251"
  orderId: "df3b2d37-8032-45ce-b8f5-ce39befb7ff3"
  type: "Invoice Item"
  sourceId: "acc87fdd-7d46-4b5e-a8c4-7a553f430d72"
  Assets:CurrentAssets:AccountReceivable
  referenceNo: "251"
  orderId: "df3b2d37-8032-45ce-b8f5-ce39befb7ff3"
  type: "Invoice"
  sourceId: "df3b2d37-8032-45ce-b8f5-ce39befb7ff3"
  contact: "998 12345708 (DavidKwan(Director)) [02ab8da0-959b-440e-9733-c02eab1b0288]"
2023-09-04 * "Bill #736 kpay085"
  referenceNo: "736"
  orderId: "4fc2b04f-56d8-4a6c-a727-b5ea4d105701"
  type: "Bill"
  Expenses:GeneralExpense:CardFeeExpense 49.05 HKD
  qty: "1"
  description: "4004 - 3954.95 = 49.05"
  referenceNo: "736"
  orderId: "4fc2b04f-56d8-4a6c-a727-b5ea4d105701"
  type: "Bill Item"
  sourceId: "18616225-5ed9-415f-88b5-62face9f8b34"
  Liabilities:CurrentLiabilities:AccountPayable
  referenceNo: "736"
  orderId: "4fc2b04f-56d8-4a6c-a727-b5ea4d105701"
  type: "Bill"
  sourceId: "4fc2b04f-56d8-4a6c-a727-b5ea4d105701"
  contact: "998 12345821 (KPAY) [5a706f32-7edc-48d8-ae47-62fee1e8bba1]"
2023-09-04 * "998 12345821 (KPAY) [5a706f32-7edc-48d8-ae47-62fee1e8bba1]" "Bill Payment for Bill #736 #54b416bb-5405-49b3-a255-9d8293110d49"
  Liabilities:CurrentLiabilities:AccountPayable 49.05 HKD
  contact: "998 12345821 (KPAY) [5a706f32-7edc-48d8-ae47-62fee1e8bba1]"
  type: "Bill Payment"
  sourceId: "54b416bb-5405-49b3-a255-9d8293110d49"
  referenceNo: "736"
  orderId: "4fc2b04f-56d8-4a6c-a727-b5ea4d105701"
  Assets:CurrentAssets:Bank:KpayBank -49.05 HKD
  type: "Bill Payment"
  sourceId: "54b416bb-5405-49b3-a255-9d8293110d49"
  referenceNo: "736"
  orderId: "4fc2b04f-56d8-4a6c-a727-b5ea4d105701"
2023-09-05 * "Bill #827 08/23 網頁設計費用 (Frontend - Justin)"
  referenceNo: "827"
  orderId: "2997cb39-1bc5-4a24-bf0a-4e8d23629d08"
  type: "Bill"
  Expenses:GeneralExpense:AdvertisingAndBranding 16400.00 HKD
  qty: "1"
  description: "DKK 網頁設計08/23費用 - Frontend (Justin) "
  referenceNo: "827"
  orderId: "2997cb39-1bc5-4a24-bf0a-4e8d23629d08"
  type: "Bill Item"
  sourceId: "3c824229-a903-496a-ac3e-52cd22f41ae0"
  Liabilities:CurrentLiabilities:AccountPayable
  referenceNo: "827"
  orderId: "2997cb39-1bc5-4a24-bf0a-4e8d23629d08"
  type: "Bill"
  sourceId: "2997cb39-1bc5-4a24-bf0a-4e8d23629d08"
  contact: "880 806 () [53b8789a-4451-4a1f-84f7-a9c5da7ada1a]"
2023-09-05 * "880 806 () [53b8789a-4451-4a1f-84f7-a9c5da7ada1a]" "Bill Payment for Bill #827 #e5985bb3-241b-491b-a60c-876c589bbb4b"
  Liabilities:CurrentLiabilities:AccountPayable 16400.00 HKD
  contact: "880 806 () [53b8789a-4451-4a1f-84f7-a9c5da7ada1a]"
  type: "Bill Payment"
  sourceId: "e5985bb3-241b-491b-a60c-876c589bbb4b"
  referenceNo: "827"
  orderId: "2997cb39-1bc5-4a24-bf0a-4e8d23629d08"
  Liabilities:CurrentLiabilities:CurrentAccount:C-a-MilrichElectronicsHkCoLtd -16400.00 HKD
  type: "Bill Payment"
  sourceId: "e5985bb3-241b-491b-a60c-876c589bbb4b"
  referenceNo: "827"
  orderId: "2997cb39-1bc5-4a24-bf0a-4e8d23629d08"
2023-09-06 * "Invoice #253 FREE GIFT"
  Income:Sales:SalesItem:SellGoldJewelry -0.00 HKD
  category: "Gold Jewelry"
  sku: "DDFF2305120A000000000027"
  qty: 1
  referenceNo: "253"
  orderId: "254dce3d-ae9a-4ebc-9f69-b212cfe79082"
  type: "Invoice Item"
  sourceId: "283980c7-8657-4114-828d-9e80608fa69f"
  Assets:CurrentAssets:AccountReceivable
  referenceNo: "253"
  orderId: "254dce3d-ae9a-4ebc-9f69-b212cfe79082"
  type: "Invoice"
  sourceId: "254dce3d-ae9a-4ebc-9f69-b212cfe79082"
  contact: "852 61584981 (SOCHUNKIT) [a052923c-42de-4697-91fa-00e92affc57b]"
2023-09-06 * "Bill #744 ADT - Burglar Alarm Package"
  referenceNo: "744"
  orderId: "2a7c4cf1-d669-4992-a7a3-3fff58d2bd2a"
  type: "Bill"
  Expenses:GeneralExpense:TelephoneAndInternetAndAlarm 6000.00 HKD
  qty: "1"
  description: "ADT - Burglar Alarm Package C - Equipment Fee (INV 1038067)"
  referenceNo: "744"
  orderId: "2a7c4cf1-d669-4992-a7a3-3fff58d2bd2a"
  type: "Bill Item"
  sourceId: "f20984e4-2914-47d9-ba35-e94b8154b1f8"
  Liabilities:CurrentLiabilities:AccountPayable
  referenceNo: "744"
  orderId: "2a7c4cf1-d669-4992-a7a3-3fff58d2bd2a"
  type: "Bill"
  sourceId: "2a7c4cf1-d669-4992-a7a3-3fff58d2bd2a"
  contact: "880 806 () [53b8789a-4451-4a1f-84f7-a9c5da7ada1a]"
2023-09-06 * "Bill #745 BANK FEE"
  referenceNo: "745"
  orderId: "589e8d14-e2c6-4ab2-a4fd-5bc84cc4bfc3"
  type: "Bill"
  Expenses:GeneralExpense:BankFeesExpense 5.00 HKD
  qty: "1"
  description: "BANK FEE (FPS)"
  referenceNo: "745"
  orderId: "589e8d14-e2c6-4ab2-a4fd-5bc84cc4bfc3"
  type: "Bill Item"
  sourceId: "0852ef27-5793-446d-8554-1d366dcc551f"
  Liabilities:CurrentLiabilities:AccountPayable
  referenceNo: "745"
  orderId: "589e8d14-e2c6-4ab2-a4fd-5bc84cc4bfc3"
  type: "Bill"
  sourceId: "589e8d14-e2c6-4ab2-a4fd-5bc84cc4bfc3"
  contact: "880 806 () [53b8789a-4451-4a1f-84f7-a9c5da7ada1a]"
2023-09-06 * "880 806 () [53b8789a-4451-4a1f-84f7-a9c5da7ada1a]" "Bill Payment for Bill #745 #76fe1a90-a2de-4b03-9259-2497e23b2c70"
  Liabilities:CurrentLiabilities:AccountPayable 5.00 HKD
  contact: "880 806 () [53b8789a-4451-4a1f-84f7-a9c5da7ada1a]"
  type: "Bill Payment"
  sourceId: "76fe1a90-a2de-4b03-9259-2497e23b2c70"
  referenceNo: "745"
  orderId: "589e8d14-e2c6-4ab2-a4fd-5bc84cc4bfc3"
  Assets:CurrentAssets:Bank:BocSavingBank -5.00 HKD
  type: "Bill Payment"
  sourceId: "76fe1a90-a2de-4b03-9259-2497e23b2c70"
  referenceNo: "745"
  orderId: "589e8d14-e2c6-4ab2-a4fd-5bc84cc4bfc3"
2023-09-06 * "998 12345815 () [c5a8a090-379c-45bb-abfd-2a3d30e7e419]" "Bill Payment for Bill #740 #976a686b-21a0-4e21-a641-e85298670be2"
  Liabilities:CurrentLiabilities:AccountPayable 2800.00 HKD
  contact: "998 12345815 () [c5a8a090-379c-45bb-abfd-2a3d30e7e419]"
  type: "Bill Payment"
  sourceId: "976a686b-21a0-4e21-a641-e85298670be2"
  referenceNo: "740"
  orderId: "4b04bfc0-cd8b-4e4e-9a6c-9d3b7aad6f3a"
  Assets:CurrentAssets:Cash:CashInHand -2800.00 HKD
  type: "Bill Payment"
  sourceId: "976a686b-21a0-4e21-a641-e85298670be2"
  referenceNo: "740"
  orderId: "4b04bfc0-cd8b-4e4e-9a6c-9d3b7aad6f3a"
2023-09-06 * "880 806 () [53b8789a-4451-4a1f-84f7-a9c5da7ada1a]" "Bill Payment for Bill #744 #0419cda2-1cb2-475b-aea5-cb06f851308d"
  Liabilities:CurrentLiabilities:AccountPayable 6000.00 HKD
  contact: "880 806 () [53b8789a-4451-4a1f-84f7-a9c5da7ada1a]"
  type: "Bill Payment"
  sourceId: "0419cda2-1cb2-475b-aea5-cb06f851308d"
  referenceNo: "744"
  orderId: "2a7c4cf1-d669-4992-a7a3-3fff58d2bd2a"
  Assets:CurrentAssets:Bank:BocSavingBank -6000.00 HKD
  type: "Bill Payment"
  sourceId: "0419cda2-1cb2-475b-aea5-cb06f851308d"
  referenceNo: "744"
  orderId: "2a7c4cf1-d669-4992-a7a3-3fff58d2bd2a"
2023-09-07 * "Bill #757 INV#378 鑲石改圈, NO.01557"
  referenceNo: "757"
  orderId: "c08c8d49-b4fa-4519-938c-469bcd555bdb"
  type: "Bill"
  Expenses:CostOfSales:Purchase:PurchaseItem:Buy18kJewelry 600.00 HKD
  category: "Ring Setting"
  sku: "BESPOKE00008"
  qty: 1
  referenceNo: "757"
  orderId: "c08c8d49-b4fa-4519-938c-469bcd555bdb"
  type: "Bill Item"
  sourceId: "a6c776de-9a6b-40cc-996b-32f24dd26076"
  Liabilities:CurrentLiabilities:AccountPayable
  referenceNo: "757"
  orderId: "c08c8d49-b4fa-4519-938c-469bcd555bdb"
  type: "Bill"
  sourceId: "c08c8d49-b4fa-4519-938c-469bcd555bdb"
  contact: "852 96221974 (強哥首飾加工師傅) [cef6a8eb-0892-4a7c-bfdc-328752af4fd5]"
2023-09-07 * "Assets:CurrentAssets:Bank:KpayBank" "Invoice Payment for Invoice #251 #c8e7c557-d8d2-4172-8eaf-aaf38201def4"
  Assets:CurrentAssets:Bank:KpayBank 2900.00 HKD
  type: "Invoice Payment"
  sourceId: "c8e7c557-d8d2-4172-8eaf-aaf38201def4"
  referenceNo: "251"
  orderId: "df3b2d37-8032-45ce-b8f5-ce39befb7ff3"
  Assets:CurrentAssets:AccountReceivable -2900.00 HKD
  type: "Invoice Payment"
  sourceId: "c8e7c557-d8d2-4172-8eaf-aaf38201def4"
  referenceNo: "251"
  orderId: "df3b2d37-8032-45ce-b8f5-ce39befb7ff3"
  contact: "998 12345708 (DavidKwan(Director)) [02ab8da0-959b-440e-9733-c02eab1b0288]"
2023-09-07 * "Invoice #255 "
  Income:Sales:SalesItem:SellDiamond -46000.00 HKD
  category: "Natural Diamond"
  sku: "3465898533"
  qty: 1
  referenceNo: "255"
  orderId: "9c7262ff-a44b-42d3-bbf2-2e36164d8927"
  type: "Invoice Item"
  sourceId: "d98ab97f-8f76-43d4-8379-e83573ab8953"
  Income:Sales:SalesItem:Sell18kJewelry -2800.00 HKD
  category: "Ring Setting"
  sku: "BESPOKE00008"
  qty: 1
  referenceNo: "255"
  orderId: "9c7262ff-a44b-42d3-bbf2-2e36164d8927"
  type: "Invoice Item"
  sourceId: "a1ec473d-e891-4b8b-a7db-3d897fb0411a"
  Assets:CurrentAssets:AccountReceivable
  referenceNo: "255"
  orderId: "9c7262ff-a44b-42d3-bbf2-2e36164d8927"
  type: "Invoice"
  sourceId: "9c7262ff-a44b-42d3-bbf2-2e36164d8927"
  contact: "852 63332178 (MR.SIMONPOON) [bf5dd46d-f58b-4fe7-bdea-cb9a146a8bef]"
2023-09-07 * "Assets:CurrentAssets:Bank:KpayBank" "Invoice Payment for Invoice #255 #bbbdbdfb-6971-4243-af22-0ad82d925a50"
  Assets:CurrentAssets:Bank:KpayBank 24400.00 HKD
  type: "Invoice Payment"
  sourceId: "bbbdbdfb-6971-4243-af22-0ad82d925a50"
  referenceNo: "255"
  orderId: "9c7262ff-a44b-42d3-bbf2-2e36164d8927"
  Assets:CurrentAssets:AccountReceivable -24400.00 HKD
  type: "Invoice Payment"
  sourceId: "bbbdbdfb-6971-4243-af22-0ad82d925a50"
  referenceNo: "255"
  orderId: "9c7262ff-a44b-42d3-bbf2-2e36164d8927"
  contact: "852 63332178 (MR.SIMONPOON) [bf5dd46d-f58b-4fe7-bdea-cb9a146a8bef]"
2023-09-07 * "Bill #742 INV#378 GIA PURCHASE"
  referenceNo: "742"
  orderId: "82cdee14-7ec0-4fc3-beaf-c165305283ee"
  type: "Bill"
  Expenses:CostOfSales:Purchase:PurchaseItem:BuyDiamond 40792.60 HKD
  category: "Natural Diamond"
  sku: "3465898533"
  qty: 1
  referenceNo: "742"
  orderId: "82cdee14-7ec0-4fc3-beaf-c165305283ee"
  type: "Bill Item"
  sourceId: "abaeee53-7814-4491-9634-56497d0c4e01"
  Liabilities:CurrentLiabilities:AccountPayable
  referenceNo: "742"
  orderId: "82cdee14-7ec0-4fc3-beaf-c165305283ee"
  type: "Bill"
  sourceId: "82cdee14-7ec0-4fc3-beaf-c165305283ee"
  contact: "998 12345770 (TWINKLEDIAMHONGKONGLTD) [d2e73164-7688-4f4c-b342-12d5e1a440fc]"
2023-09-08 * "Invoice #256 AA39280"
  Income:Sales:SalesItem:SellDiamond -51700.00 HKD
  category: "Natural Diamond"
  sku: "1445951434"
  qty: 1
  referenceNo: "256"
  orderId: "3f4925fe-2e16-459a-930a-c8b0c2df2558"
  type: "Invoice Item"
  sourceId: "86bded1c-94a0-4458-810d-50acd99fab5b"
  Income:Sales:SalesItem:Sell18kJewelry -2800.00 HKD
  category: "Ring Setting"
  sku: "DD2024080900000003"
  qty: 1
  referenceNo: "256"
  orderId: "3f4925fe-2e16-459a-930a-c8b0c2df2558"
  type: "Invoice Item"
  sourceId: "8e7c06db-f59c-4735-8c27-6cc8ffa4ccc2"
  Assets:CurrentAssets:AccountReceivable
  referenceNo: "256"
  orderId: "3f4925fe-2e16-459a-930a-c8b0c2df2558"
  type: "Invoice"
  sourceId: "3f4925fe-2e16-459a-930a-c8b0c2df2558"
  contact: "852 91492328 (MRRANSYCHAN) [563c37e4-342a-40dc-a54c-b875398eabaa]"
2023-09-08 * "Bill #796 INV#379 訂貨"
  referenceNo: "796"
  orderId: "c8fe1f71-fbdc-4237-a0d2-2e8d3b2730a1"
  type: "Bill"
  Expenses:CostOfSales:Purchase:PurchaseItem:Buy18kJewelry 2679.00 HKD
  category: "Ring Setting"
  sku: "DD2024080900000003"
  qty: 1
  referenceNo: "796"
  orderId: "c8fe1f71-fbdc-4237-a0d2-2e8d3b2730a1"
  type: "Bill Item"
  sourceId: "94044ec1-405a-41ed-bb7d-8c09051d58ce"
  Liabilities:CurrentLiabilities:AccountPayable
  referenceNo: "796"
  orderId: "c8fe1f71-fbdc-4237-a0d2-2e8d3b2730a1"
  type: "Bill"
  sourceId: "c8fe1f71-fbdc-4237-a0d2-2e8d3b2730a1"
  contact: "998 12345767 (SkyHighHoldingsGroupLtd) [efdca012-5d6e-4361-8ec7-f5566615d58a]"
2023-09-08 * "Bill #746 kpay086"
  referenceNo: "746"
  orderId: "8856d084-fe56-40d7-ba64-624460399725"
  type: "Bill"
  Expenses:GeneralExpense:CardFeeExpense 35.80 HKD
  qty: "1"
  description: "2900-2864.2 = 35.8"
  referenceNo: "746"
  orderId: "8856d084-fe56-40d7-ba64-624460399725"
  type: "Bill Item"
  sourceId: "cb15399b-2707-4a14-a3ef-81f4806f1227"
  Liabilities:CurrentLiabilities:AccountPayable
  referenceNo: "746"
  orderId: "8856d084-fe56-40d7-ba64-624460399725"
  type: "Bill"
  sourceId: "8856d084-fe56-40d7-ba64-624460399725"
  contact: "998 12345821 (KPAY) [5a706f32-7edc-48d8-ae47-62fee1e8bba1]"
2023-09-08 * "Bill #750 INV#379 GIA PURCHASE, NO.111449"
  referenceNo: "750"
  orderId: "66b0a913-f893-404a-99be-8ebd9a21c494"
  type: "Bill"
  Expenses:CostOfSales:Purchase:PurchaseItem:BuyDiamond 49263.78 HKD
  category: "Natural Diamond"
  sku: "1445951434"
  qty: 1
  referenceNo: "750"
  orderId: "66b0a913-f893-404a-99be-8ebd9a21c494"
  type: "Bill Item"
  sourceId: "4f76b8a2-abe8-4b15-8efd-c7b710edaa5d"
  Liabilities:CurrentLiabilities:AccountPayable
  referenceNo: "750"
  orderId: "66b0a913-f893-404a-99be-8ebd9a21c494"
  type: "Bill"
  sourceId: "66b0a913-f893-404a-99be-8ebd9a21c494"
  contact: "998 12345775 (VED-VENIDIAMLTD) [af11cd82-725d-4855-83d7-d2ed50d9fa56]"
2023-09-08 * "Assets:CurrentAssets:Bank:BocSavingBank" "Invoice Payment for Invoice #256 #44b7d598-6f19-435f-a59c-827abe5ccd1e"
  Assets:CurrentAssets:Bank:BocSavingBank 27000.00 HKD
  type: "Invoice Payment"
  sourceId: "44b7d598-6f19-435f-a59c-827abe5ccd1e"
  referenceNo: "256"
  orderId: "3f4925fe-2e16-459a-930a-c8b0c2df2558"
  Assets:CurrentAssets:AccountReceivable -27000.00 HKD
  type: "Invoice Payment"
  sourceId: "44b7d598-6f19-435f-a59c-827abe5ccd1e"
  referenceNo: "256"
  orderId: "3f4925fe-2e16-459a-930a-c8b0c2df2558"
  contact: "852 91492328 (MRRANSYCHAN) [563c37e4-342a-40dc-a54c-b875398eabaa]"
2023-09-08 * "998 12345821 (KPAY) [5a706f32-7edc-48d8-ae47-62fee1e8bba1]" "Bill Payment for Bill #746 #e8353a24-eb88-421c-aafd-5c6bc162a7a2"
  Liabilities:CurrentLiabilities:AccountPayable 35.80 HKD
  contact: "998 12345821 (KPAY) [5a706f32-7edc-48d8-ae47-62fee1e8bba1]"
  type: "Bill Payment"
  sourceId: "e8353a24-eb88-421c-aafd-5c6bc162a7a2"
  referenceNo: "746"
  orderId: "8856d084-fe56-40d7-ba64-624460399725"
  Assets:CurrentAssets:Bank:KpayBank -35.80 HKD
  type: "Bill Payment"
  sourceId: "e8353a24-eb88-421c-aafd-5c6bc162a7a2"
  referenceNo: "746"
  orderId: "8856d084-fe56-40d7-ba64-624460399725"
2023-09-09 * "Invoice #258 AA39281 "
  Income:Sales:SalesItem:SellBespokeorotherFee -0.00 HKD
  description: "S0082 DAY CLASSICAL ENGAGEMENT RING SETTING WITH GIA 6442022986 RESIZE: #13.5  TO #11"
  qty: 1
  referenceNo: "258"
  orderId: "5041eab9-42e5-4284-a921-f12072e44675"
  type: "Invoice Item"
  sourceId: "783bd39e-23eb-444c-bc27-1a3b3925bd24"
  Assets:CurrentAssets:AccountReceivable
  referenceNo: "258"
  orderId: "5041eab9-42e5-4284-a921-f12072e44675"
  type: "Invoice"
  sourceId: "5041eab9-42e5-4284-a921-f12072e44675"
  contact: "852 91927737 (MR.SUENWILSON) [3a780d66-9fcc-48d6-a61e-8e6182891536]"
2023-09-09 * "Bill #743 INV#381 REPAIR, NO.01556"
  referenceNo: "743"
  orderId: "d9805e37-830a-4f57-826f-050ea050367c"
  type: "Bill"
  Expenses:CostOfSales:Purchase:PurchaseItem:BuyCost-ProcessingFee 250.00 HKD
  category: "Other"
  sku: "Processing 077"
  qty: 1
  referenceNo: "743"
  orderId: "d9805e37-830a-4f57-826f-050ea050367c"
  type: "Bill Item"
  sourceId: "27ae09bc-94dc-4717-b987-af5b1d5f25d9"
  Liabilities:CurrentLiabilities:AccountPayable
  referenceNo: "743"
  orderId: "d9805e37-830a-4f57-826f-050ea050367c"
  type: "Bill"
  sourceId: "d9805e37-830a-4f57-826f-050ea050367c"
  contact: "852 96221974 (強哥首飾加工師傅) [cef6a8eb-0892-4a7c-bfdc-328752af4fd5]"
2023-09-10 * "Invoice #259 AA39282, "
  Income:Sales:SalesItem:SellGoldJewelry -4356.00 HKD
  category: "Gold Jewelry"
  sku: "DDFF23051205000000000016"
  qty: 1
  referenceNo: "259"
  orderId: "8e70bd29-16d0-40c5-90a8-4712c662a0f2"
  type: "Invoice Item"
  sourceId: "bdc8c7a8-0af0-4e6c-a9d5-b56f5917c311"
  Assets:CurrentAssets:AccountReceivable
  referenceNo: "259"
  orderId: "8e70bd29-16d0-40c5-90a8-4712c662a0f2"
  type: "Invoice"
  sourceId: "8e70bd29-16d0-40c5-90a8-4712c662a0f2"
  contact: "880 802 (Walkin) [42348712-7daa-4c29-93b7-756b472429a4]"
2023-09-10 * "Assets:CurrentAssets:Bank:KpayBank" "Invoice Payment for Invoice #259 #e7893a23-5130-41be-a186-c49922a7f114"
  Assets:CurrentAssets:Bank:KpayBank 4356.00 HKD
  type: "Invoice Payment"
  sourceId: "e7893a23-5130-41be-a186-c49922a7f114"
  referenceNo: "259"
  orderId: "8e70bd29-16d0-40c5-90a8-4712c662a0f2"
  Assets:CurrentAssets:AccountReceivable -4356.00 HKD
  type: "Invoice Payment"
  sourceId: "e7893a23-5130-41be-a186-c49922a7f114"
  referenceNo: "259"
  orderId: "8e70bd29-16d0-40c5-90a8-4712c662a0f2"
  contact: "880 802 (Walkin) [42348712-7daa-4c29-93b7-756b472429a4]"
2023-09-11 * "Bill #747 BANK FEE"
  referenceNo: "747"
  orderId: "20b3ca24-a3d8-4672-8ec5-de6a35274d2d"
  type: "Bill"
  Expenses:GeneralExpense:BankFeesExpense 55.00 HKD
  qty: "1"
  description: "BANK FEE"
  referenceNo: "747"
  orderId: "20b3ca24-a3d8-4672-8ec5-de6a35274d2d"
  type: "Bill Item"
  sourceId: "9ceaaa96-f01f-4141-9065-137f6ab3e854"
  Liabilities:CurrentLiabilities:AccountPayable
  referenceNo: "747"
  orderId: "20b3ca24-a3d8-4672-8ec5-de6a35274d2d"
  type: "Bill"
  sourceId: "20b3ca24-a3d8-4672-8ec5-de6a35274d2d"
  contact: "880 806 () [53b8789a-4451-4a1f-84f7-a9c5da7ada1a]"
2023-09-11 * "880 806 () [53b8789a-4451-4a1f-84f7-a9c5da7ada1a]" "Bill Payment for Bill #747 #ad7096ca-805c-4528-8998-11afcb5627d1"
  Liabilities:CurrentLiabilities:AccountPayable 55.00 HKD
  contact: "880 806 () [53b8789a-4451-4a1f-84f7-a9c5da7ada1a]"
  type: "Bill Payment"
  sourceId: "ad7096ca-805c-4528-8998-11afcb5627d1"
  referenceNo: "747"
  orderId: "20b3ca24-a3d8-4672-8ec5-de6a35274d2d"
  Assets:CurrentAssets:Bank:BocSavingBank -55.00 HKD
  type: "Bill Payment"
  sourceId: "ad7096ca-805c-4528-8998-11afcb5627d1"
  referenceNo: "747"
  orderId: "20b3ca24-a3d8-4672-8ec5-de6a35274d2d"
2023-09-11 * "998 12345740 (PRESSUREWORKDESIGNCONSULTANTS) [205398a5-a6c5-4a09-938a-7308f6334f41]" "Bill Payment for Bill #727 #a0a63994-ca41-4241-9193-2ab0c1246189"
  Liabilities:CurrentLiabilities:AccountPayable 2700.00 HKD
  contact: "998 12345740 (PRESSUREWORKDESIGNCONSULTANTS) [205398a5-a6c5-4a09-938a-7308f6334f41]"
  type: "Bill Payment"
  sourceId: "a0a63994-ca41-4241-9193-2ab0c1246189"
  referenceNo: "727"
  orderId: "53615590-8f0a-40e6-816a-ad603d496062"
  Assets:CurrentAssets:Cash:CashInHand -2700.00 HKD
  type: "Bill Payment"
  sourceId: "a0a63994-ca41-4241-9193-2ab0c1246189"
  referenceNo: "727"
  orderId: "53615590-8f0a-40e6-816a-ad603d496062"
2023-09-11 * "998 12345770 (TWINKLEDIAMHONGKONGLTD) [d2e73164-7688-4f4c-b342-12d5e1a440fc]" "Bill Payment for Bill #742 #38eae73a-08f6-46bb-b905-ba735506b0fa"
  Liabilities:CurrentLiabilities:AccountPayable 40792.60 HKD
  contact: "998 12345770 (TWINKLEDIAMHONGKONGLTD) [d2e73164-7688-4f4c-b342-12d5e1a440fc]"
  type: "Bill Payment"
  sourceId: "38eae73a-08f6-46bb-b905-ba735506b0fa"
  referenceNo: "742"
  orderId: "82cdee14-7ec0-4fc3-beaf-c165305283ee"
  Assets:CurrentAssets:Bank:BocSavingBank -40792.60 HKD
  type: "Bill Payment"
  sourceId: "38eae73a-08f6-46bb-b905-ba735506b0fa"
  referenceNo: "742"
  orderId: "82cdee14-7ec0-4fc3-beaf-c165305283ee"
2023-09-12 * "Bill #749 kpay087"
  referenceNo: "749"
  orderId: "67bf3299-2a2d-4349-a1e4-6bd16edcc97c"
  type: "Bill"
  Expenses:GeneralExpense:CardFeeExpense 367.00 HKD
  qty: "1"
  description: "24400-24033 = 367"
  referenceNo: "749"
  orderId: "67bf3299-2a2d-4349-a1e4-6bd16edcc97c"
  type: "Bill Item"
  sourceId: "cf51041d-c465-4aa9-8d13-a01d538e25b1"
  Liabilities:CurrentLiabilities:AccountPayable
  referenceNo: "749"
  orderId: "67bf3299-2a2d-4349-a1e4-6bd16edcc97c"
  type: "Bill"
  sourceId: "67bf3299-2a2d-4349-a1e4-6bd16edcc97c"
  contact: "998 12345821 (KPAY) [5a706f32-7edc-48d8-ae47-62fee1e8bba1]"
2023-09-12 * "Bill #748 EPS 23年8月手續費"
  referenceNo: "748"
  orderId: "3faa68d4-d371-44a2-9878-04e4d4754be7"
  type: "Bill"
  Expenses:GeneralExpense:CardFeeExpense 410.00 HKD
  qty: "1"
  description: "EPS  23年8月手續費"
  referenceNo: "748"
  orderId: "3faa68d4-d371-44a2-9878-04e4d4754be7"
  type: "Bill Item"
  sourceId: "0ffcbe87-350b-44d9-915e-4967c9c2fbc9"
  Liabilities:CurrentLiabilities:AccountPayable
  referenceNo: "748"
  orderId: "3faa68d4-d371-44a2-9878-04e4d4754be7"
  type: "Bill"
  sourceId: "3faa68d4-d371-44a2-9878-04e4d4754be7"
  contact: "880 806 () [53b8789a-4451-4a1f-84f7-a9c5da7ada1a]"
2023-09-12 * "Bill #754 BANK FEE"
  referenceNo: "754"
  orderId: "ec2698d1-8f29-44be-bd8a-ae79a9e57619"
  type: "Bill"
  Expenses:GeneralExpense:BankFeesExpense 55.00 HKD
  qty: "1"
  description: "BANK FEE"
  referenceNo: "754"
  orderId: "ec2698d1-8f29-44be-bd8a-ae79a9e57619"
  type: "Bill Item"
  sourceId: "7676250d-27c6-477c-9d9f-a1fcc7eede87"
  Liabilities:CurrentLiabilities:AccountPayable
  referenceNo: "754"
  orderId: "ec2698d1-8f29-44be-bd8a-ae79a9e57619"
  type: "Bill"
  sourceId: "ec2698d1-8f29-44be-bd8a-ae79a9e57619"
  contact: "880 806 () [53b8789a-4451-4a1f-84f7-a9c5da7ada1a]"
2023-09-12 * "Bill #753 NOVA - Jewellers Block (1 yr - Aug 23 - 24)"
  referenceNo: "753"
  orderId: "9b2b7e39-fdb7-4c92-aa10-9368e0bf8e87"
  type: "Bill"
  Expenses:GeneralExpense:Insurance 30026.25 HKD
  qty: "1"
  description: "NOVA - Jewellers Block (1 yr - Aug 23 - 24) (USD 3825)"
  referenceNo: "753"
  orderId: "9b2b7e39-fdb7-4c92-aa10-9368e0bf8e87"
  type: "Bill Item"
  sourceId: "653e58ba-571d-4160-b8aa-489d4f45c8c9"
  Liabilities:CurrentLiabilities:AccountPayable
  referenceNo: "753"
  orderId: "9b2b7e39-fdb7-4c92-aa10-9368e0bf8e87"
  type: "Bill"
  sourceId: "9b2b7e39-fdb7-4c92-aa10-9368e0bf8e87"
  contact: "880 806 () [53b8789a-4451-4a1f-84f7-a9c5da7ada1a]"
2023-09-12 * "998 12345821 (KPAY) [5a706f32-7edc-48d8-ae47-62fee1e8bba1]" "Bill Payment for Bill #749 #9204d09d-ce10-4ec0-af93-0b9beb4864ad"
  Liabilities:CurrentLiabilities:AccountPayable 367.00 HKD
  contact: "998 12345821 (KPAY) [5a706f32-7edc-48d8-ae47-62fee1e8bba1]"
  type: "Bill Payment"
  sourceId: "9204d09d-ce10-4ec0-af93-0b9beb4864ad"
  referenceNo: "749"
  orderId: "67bf3299-2a2d-4349-a1e4-6bd16edcc97c"
  Assets:CurrentAssets:Bank:KpayBank -367.00 HKD
  type: "Bill Payment"
  sourceId: "9204d09d-ce10-4ec0-af93-0b9beb4864ad"
  referenceNo: "749"
  orderId: "67bf3299-2a2d-4349-a1e4-6bd16edcc97c"
2023-09-12 * "880 806 () [53b8789a-4451-4a1f-84f7-a9c5da7ada1a]" "Bill Payment for Bill #748 #d296e7c1-51e6-42e6-8730-d988b7a48227"
  Liabilities:CurrentLiabilities:AccountPayable 410.00 HKD
  contact: "880 806 () [53b8789a-4451-4a1f-84f7-a9c5da7ada1a]"
  type: "Bill Payment"
  sourceId: "d296e7c1-51e6-42e6-8730-d988b7a48227"
  referenceNo: "748"
  orderId: "3faa68d4-d371-44a2-9878-04e4d4754be7"
  Assets:CurrentAssets:Bank:BocSavingBank -410.00 HKD
  type: "Bill Payment"
  sourceId: "d296e7c1-51e6-42e6-8730-d988b7a48227"
  referenceNo: "748"
  orderId: "3faa68d4-d371-44a2-9878-04e4d4754be7"
2023-09-12 * "880 806 () [53b8789a-4451-4a1f-84f7-a9c5da7ada1a]" "Bill Payment for Bill #753 #a1f790ea-1123-48eb-addf-06d7ce1c3b0e"
  Liabilities:CurrentLiabilities:AccountPayable 30026.25 HKD
  contact: "880 806 () [53b8789a-4451-4a1f-84f7-a9c5da7ada1a]"
  type: "Bill Payment"
  sourceId: "a1f790ea-1123-48eb-addf-06d7ce1c3b0e"
  referenceNo: "753"
  orderId: "9b2b7e39-fdb7-4c92-aa10-9368e0bf8e87"
  Assets:CurrentAssets:Bank:BocSavingBank -30026.25 HKD
  type: "Bill Payment"
  sourceId: "a1f790ea-1123-48eb-addf-06d7ce1c3b0e"
  referenceNo: "753"
  orderId: "9b2b7e39-fdb7-4c92-aa10-9368e0bf8e87"
2023-09-12 * "880 806 () [53b8789a-4451-4a1f-84f7-a9c5da7ada1a]" "Bill Payment for Bill #754 #3e5b4b5f-a90a-47e6-8b6b-e139c5c304b7"
  Liabilities:CurrentLiabilities:AccountPayable 55.00 HKD
  contact: "880 806 () [53b8789a-4451-4a1f-84f7-a9c5da7ada1a]"
  type: "Bill Payment"
  sourceId: "3e5b4b5f-a90a-47e6-8b6b-e139c5c304b7"
  referenceNo: "754"
  orderId: "ec2698d1-8f29-44be-bd8a-ae79a9e57619"
  Assets:CurrentAssets:Bank:BocSavingBank -55.00 HKD
  type: "Bill Payment"
  sourceId: "3e5b4b5f-a90a-47e6-8b6b-e139c5c304b7"
  referenceNo: "754"
  orderId: "ec2698d1-8f29-44be-bd8a-ae79a9e57619"
2023-09-13 * "Invoice #261 AA39283"
  Income:Sales:SalesItem:SellGoldJewelry -4303.00 HKD
  category: "Gold Jewelry"
  sku: "DDFF23051704000000000081"
  qty: 1
  referenceNo: "261"
  orderId: "5f0a24ee-aa05-4bd5-a8f8-109456626ab5"
  type: "Invoice Item"
  sourceId: "b36745ca-7406-4ca7-a0c6-115f76660fd2"
  Assets:CurrentAssets:AccountReceivable
  referenceNo: "261"
  orderId: "5f0a24ee-aa05-4bd5-a8f8-109456626ab5"
  type: "Invoice"
  sourceId: "5f0a24ee-aa05-4bd5-a8f8-109456626ab5"
  contact: "880 802 (Walkin) [42348712-7daa-4c29-93b7-756b472429a4]"
2023-09-13 * "Bill #752 BANK FEE"
  referenceNo: "752"
  orderId: "045ffb3d-3ace-45e3-9221-ed0bc18c531c"
  type: "Bill"
  Expenses:GeneralExpense:BankFeesExpense 55.00 HKD
  qty: "1"
  description: "BANK FEE"
  referenceNo: "752"
  orderId: "045ffb3d-3ace-45e3-9221-ed0bc18c531c"
  type: "Bill Item"
  sourceId: "d6c084eb-13a9-4942-b04d-06261d9a9872"
  Liabilities:CurrentLiabilities:AccountPayable
  referenceNo: "752"
  orderId: "045ffb3d-3ace-45e3-9221-ed0bc18c531c"
  type: "Bill"
  sourceId: "045ffb3d-3ace-45e3-9221-ed0bc18c531c"
  contact: "880 806 () [53b8789a-4451-4a1f-84f7-a9c5da7ada1a]"
2023-09-13 * "Bill #751 kpay088"
  referenceNo: "751"
  orderId: "58b5e584-6abf-46b5-8616-056a474290d2"
  type: "Bill"
  Expenses:GeneralExpense:CardFeeExpense 53.27 HKD
  qty: "1"
  description: "4356 - 4302.73 = 53.27"
  referenceNo: "751"
  orderId: "58b5e584-6abf-46b5-8616-056a474290d2"
  type: "Bill Item"
  sourceId: "6404927c-4e24-4dbb-818d-e908223f9d7f"
  Liabilities:CurrentLiabilities:AccountPayable
  referenceNo: "751"
  orderId: "58b5e584-6abf-46b5-8616-056a474290d2"
  type: "Bill"
  sourceId: "58b5e584-6abf-46b5-8616-056a474290d2"
  contact: "998 12345821 (KPAY) [5a706f32-7edc-48d8-ae47-62fee1e8bba1]"
2023-09-13 * "998 12345821 (KPAY) [5a706f32-7edc-48d8-ae47-62fee1e8bba1]" "Bill Payment for Bill #751 #dfe3b8ab-239e-4ed9-acc0-4da9e0aeec64"
  Liabilities:CurrentLiabilities:AccountPayable 53.27 HKD
  contact: "998 12345821 (KPAY) [5a706f32-7edc-48d8-ae47-62fee1e8bba1]"
  type: "Bill Payment"
  sourceId: "dfe3b8ab-239e-4ed9-acc0-4da9e0aeec64"
  referenceNo: "751"
  orderId: "58b5e584-6abf-46b5-8616-056a474290d2"
  Assets:CurrentAssets:Bank:KpayBank -53.27 HKD
  type: "Bill Payment"
  sourceId: "dfe3b8ab-239e-4ed9-acc0-4da9e0aeec64"
  referenceNo: "751"
  orderId: "58b5e584-6abf-46b5-8616-056a474290d2"
2023-09-13 * "880 806 () [53b8789a-4451-4a1f-84f7-a9c5da7ada1a]" "Bill Payment for Bill #752 #13d55291-cc2f-4df7-8261-742a8f4ace6d"
  Liabilities:CurrentLiabilities:AccountPayable 55.00 HKD
  contact: "880 806 () [53b8789a-4451-4a1f-84f7-a9c5da7ada1a]"
  type: "Bill Payment"
  sourceId: "13d55291-cc2f-4df7-8261-742a8f4ace6d"
  referenceNo: "752"
  orderId: "045ffb3d-3ace-45e3-9221-ed0bc18c531c"
  Assets:CurrentAssets:Bank:BocSavingBank -55.00 HKD
  type: "Bill Payment"
  sourceId: "13d55291-cc2f-4df7-8261-742a8f4ace6d"
  referenceNo: "752"
  orderId: "045ffb3d-3ace-45e3-9221-ed0bc18c531c"
2023-09-13 * "998 12345775 (VED-VENIDIAMLTD) [af11cd82-725d-4855-83d7-d2ed50d9fa56]" "Bill Payment for Bill #750 #9cc0b585-f5c4-4a1a-8d58-fb1de25c923f"
  Liabilities:CurrentLiabilities:AccountPayable 49263.78 HKD
  contact: "998 12345775 (VED-VENIDIAMLTD) [af11cd82-725d-4855-83d7-d2ed50d9fa56]"
  type: "Bill Payment"
  sourceId: "9cc0b585-f5c4-4a1a-8d58-fb1de25c923f"
  referenceNo: "750"
  orderId: "66b0a913-f893-404a-99be-8ebd9a21c494"
  Assets:CurrentAssets:Bank:BocSavingBank -49263.78 HKD
  type: "Bill Payment"
  sourceId: "9cc0b585-f5c4-4a1a-8d58-fb1de25c923f"
  referenceNo: "750"
  orderId: "66b0a913-f893-404a-99be-8ebd9a21c494"
2023-09-13 * "Assets:CurrentAssets:Bank:KpayBank" "Invoice Payment for Invoice #261 #6b95c188-0d82-406b-b68a-71678c7c7364"
  Assets:CurrentAssets:Bank:KpayBank 4303.00 HKD
  type: "Invoice Payment"
  sourceId: "6b95c188-0d82-406b-b68a-71678c7c7364"
  referenceNo: "261"
  orderId: "5f0a24ee-aa05-4bd5-a8f8-109456626ab5"
  Assets:CurrentAssets:AccountReceivable -4303.00 HKD
  type: "Invoice Payment"
  sourceId: "6b95c188-0d82-406b-b68a-71678c7c7364"
  referenceNo: "261"
  orderId: "5f0a24ee-aa05-4bd5-a8f8-109456626ab5"
  contact: "880 802 (Walkin) [42348712-7daa-4c29-93b7-756b472429a4]"
2023-09-13 * "Invoice #263 AA39284"
  Income:Sales:SalesItem:Sell18kJewelry -2300.00 HKD
  category: "Gold Jewelry"
  sku: "DDFF23051202000000000011"
  qty: 1
  referenceNo: "263"
  orderId: "62aeccba-b449-4aae-8f72-e91e8e2f6768"
  type: "Invoice Item"
  sourceId: "11e14a44-adc9-4611-9fdf-c8611830d996"
  Assets:CurrentAssets:AccountReceivable
  referenceNo: "263"
  orderId: "62aeccba-b449-4aae-8f72-e91e8e2f6768"
  type: "Invoice"
  sourceId: "62aeccba-b449-4aae-8f72-e91e8e2f6768"
  contact: "852 97946286 (MS.WAN) [ce6639c3-9774-4413-a148-553d98d95af6]"
2023-09-13 * "Assets:CurrentAssets:Bank:KpayBank" "Invoice Payment for Invoice #263 #33884522-6fd4-420b-8a0e-d96f56a1012c"
  Assets:CurrentAssets:Bank:KpayBank 2300.00 HKD
  type: "Invoice Payment"
  sourceId: "33884522-6fd4-420b-8a0e-d96f56a1012c"
  referenceNo: "263"
  orderId: "62aeccba-b449-4aae-8f72-e91e8e2f6768"
  Assets:CurrentAssets:AccountReceivable -2300.00 HKD
  type: "Invoice Payment"
  sourceId: "33884522-6fd4-420b-8a0e-d96f56a1012c"
  referenceNo: "263"
  orderId: "62aeccba-b449-4aae-8f72-e91e8e2f6768"
  contact: "852 97946286 (MS.WAN) [ce6639c3-9774-4413-a148-553d98d95af6]"
2023-09-13 * "852 96221974 (強哥首飾加工師傅) [cef6a8eb-0892-4a7c-bfdc-328752af4fd5]" "Bill Payment for Bill #743 #8600d5d9-1b9e-43a0-881c-f94d0080f071"
  Liabilities:CurrentLiabilities:AccountPayable 250.00 HKD
  contact: "852 96221974 (強哥首飾加工師傅) [cef6a8eb-0892-4a7c-bfdc-328752af4fd5]"
  type: "Bill Payment"
  sourceId: "8600d5d9-1b9e-43a0-881c-f94d0080f071"
  referenceNo: "743"
  orderId: "d9805e37-830a-4f57-826f-050ea050367c"
  Assets:CurrentAssets:Cash:CashInHand -250.00 HKD
  type: "Bill Payment"
  sourceId: "8600d5d9-1b9e-43a0-881c-f94d0080f071"
  referenceNo: "743"
  orderId: "d9805e37-830a-4f57-826f-050ea050367c"
2023-09-14 * "Invoice #264 "
  Income:Sales:SalesItem:SellGoldJewelry -2880.00 HKD
  category: "Gold Jewelry"
  sku: "DDFF23051204000000000012"
  qty: 1
  referenceNo: "264"
  orderId: "9f3e5521-7fb5-4f8e-87e9-83b4b466b17b"
  type: "Invoice Item"
  sourceId: "64995609-9e5c-44cf-9672-be817fc74117"
  Assets:CurrentAssets:AccountReceivable
  referenceNo: "264"
  orderId: "9f3e5521-7fb5-4f8e-87e9-83b4b466b17b"
  type: "Invoice"
  sourceId: "9f3e5521-7fb5-4f8e-87e9-83b4b466b17b"
  contact: "852 97711212 (MS.ELAINE) [9ee8ec8b-3c98-421d-91cc-0795f9450e76]"
2023-09-14 * "Assets:CurrentAssets:Bank:AeBank" "Invoice Payment for Invoice #264 #20e5e022-c9b6-4e12-a97b-8d57825ad390"
  Assets:CurrentAssets:Bank:AeBank 2880.00 HKD
  type: "Invoice Payment"
  sourceId: "20e5e022-c9b6-4e12-a97b-8d57825ad390"
  referenceNo: "264"
  orderId: "9f3e5521-7fb5-4f8e-87e9-83b4b466b17b"
  Assets:CurrentAssets:AccountReceivable -2880.00 HKD
  type: "Invoice Payment"
  sourceId: "20e5e022-c9b6-4e12-a97b-8d57825ad390"
  referenceNo: "264"
  orderId: "9f3e5521-7fb5-4f8e-87e9-83b4b466b17b"
  contact: "852 97711212 (MS.ELAINE) [9ee8ec8b-3c98-421d-91cc-0795f9450e76]"
2023-09-15 * "Bill #758 ae002"
  referenceNo: "758"
  orderId: "31245289-3638-4728-bda9-deccff74f15f"
  type: "Bill"
  Expenses:GeneralExpense:CardFeeExpense 54.72 HKD
  qty: "1"
  description: "2880-2825.28 = 54.72"
  referenceNo: "758"
  orderId: "31245289-3638-4728-bda9-deccff74f15f"
  type: "Bill Item"
  sourceId: "6c245f2c-0888-4948-902d-16ee0e419f0d"
  Liabilities:CurrentLiabilities:AccountPayable
  referenceNo: "758"
  orderId: "31245289-3638-4728-bda9-deccff74f15f"
  type: "Bill"
  sourceId: "31245289-3638-4728-bda9-deccff74f15f"
  contact: "998 12345784 (AE) [886cf440-ce59-4d7a-8f74-b3dbe8707bd8]"
2023-09-15 * "998 12345784 (AE) [886cf440-ce59-4d7a-8f74-b3dbe8707bd8]" "Bill Payment for Bill #758 #94a610b4-5b49-4a83-af5c-8b559698cbf4"
  Liabilities:CurrentLiabilities:AccountPayable 54.72 HKD
  contact: "998 12345784 (AE) [886cf440-ce59-4d7a-8f74-b3dbe8707bd8]"
  type: "Bill Payment"
  sourceId: "94a610b4-5b49-4a83-af5c-8b559698cbf4"
  referenceNo: "758"
  orderId: "31245289-3638-4728-bda9-deccff74f15f"
  Assets:CurrentAssets:Bank:AeBank -54.72 HKD
  type: "Bill Payment"
  sourceId: "94a610b4-5b49-4a83-af5c-8b559698cbf4"
  referenceNo: "758"
  orderId: "31245289-3638-4728-bda9-deccff74f15f"
2023-09-15 * "Invoice #267 INV#390"
  Income:Sales:SalesItem:Sell18kJewelry -2800.00 HKD
  category: "Ring Setting"
  sku: "BESPOKE00007"
  qty: 1
  referenceNo: "267"
  orderId: "04517d1d-587d-47e1-b264-a67c234733bb"
  type: "Invoice Item"
  sourceId: "7aa33da4-ac26-4de0-9838-edb50352ec07"
  Income:Sales:SalesItem:SellDiamond -228000.00 HKD
  category: "Natural Diamond"
  sku: "7446289989"
  qty: 1
  referenceNo: "267"
  orderId: "04517d1d-587d-47e1-b264-a67c234733bb"
  type: "Invoice Item"
  sourceId: "c53b6df7-5685-4a95-838d-409dc72cece6"
  Assets:CurrentAssets:AccountReceivable
  referenceNo: "267"
  orderId: "04517d1d-587d-47e1-b264-a67c234733bb"
  type: "Invoice"
  sourceId: "04517d1d-587d-47e1-b264-a67c234733bb"
  contact: "852 60518960 (MR.CHOYCLARENCE) [0dda24cd-70e4-4bd6-9f2d-84bbdf604220]"
2023-09-15 * "Assets:CurrentAssets:Cash:CashInHand" "Invoice Payment for Invoice #267 #6629e2f2-a9d3-4dbd-8972-dc789602a41f"
  Assets:CurrentAssets:Cash:CashInHand 118000.00 HKD
  type: "Invoice Payment"
  sourceId: "6629e2f2-a9d3-4dbd-8972-dc789602a41f"
  referenceNo: "267"
  orderId: "04517d1d-587d-47e1-b264-a67c234733bb"
  Assets:CurrentAssets:AccountReceivable -118000.00 HKD
  type: "Invoice Payment"
  sourceId: "6629e2f2-a9d3-4dbd-8972-dc789602a41f"
  referenceNo: "267"
  orderId: "04517d1d-587d-47e1-b264-a67c234733bb"
  contact: "852 60518960 (MR.CHOYCLARENCE) [0dda24cd-70e4-4bd6-9f2d-84bbdf604220]"
2023-09-15 * "Bill #755 INV#390 訂貨,"
  referenceNo: "755"
  orderId: "91d1bf2f-9f08-4186-88dd-8d2227fa3d4f"
  type: "Bill"
  Expenses:CostOfSales:Purchase:PurchaseItem:Buy18kJewelry 7200.00 HKD
  category: "Ring Setting"
  sku: "BESPOKE00007"
  qty: 1
  referenceNo: "755"
  orderId: "91d1bf2f-9f08-4186-88dd-8d2227fa3d4f"
  type: "Bill Item"
  sourceId: "e9031045-2d22-435d-bb5d-42030cc3f3e8"
  Liabilities:CurrentLiabilities:AccountPayable
  referenceNo: "755"
  orderId: "91d1bf2f-9f08-4186-88dd-8d2227fa3d4f"
  type: "Bill"
  sourceId: "91d1bf2f-9f08-4186-88dd-8d2227fa3d4f"
  contact: "998 12345767 (SkyHighHoldingsGroupLtd) [efdca012-5d6e-4361-8ec7-f5566615d58a]"
2023-09-15 * "Bill #756 INV#390 GIA PURCHASE, NO.111866 "
  referenceNo: "756"
  orderId: "4291d758-3447-4193-817c-a941b690df45"
  type: "Bill"
  Expenses:CostOfSales:Purchase:PurchaseItem:BuyDiamond 26750.00 USD
  category: "Natural Diamond"
  sku: "7446289989"
  qty: 1
  referenceNo: "756"
  orderId: "4291d758-3447-4193-817c-a941b690df45"
  type: "Bill Item"
  sourceId: "ad9db12e-44a3-4618-8806-54d268796ade"
  Liabilities:CurrentLiabilities:AccountPayable
  referenceNo: "756"
  orderId: "4291d758-3447-4193-817c-a941b690df45"
  type: "Bill"
  sourceId: "4291d758-3447-4193-817c-a941b690df45"
  contact: "998 12345775 (VED-VENIDIAMLTD) [af11cd82-725d-4855-83d7-d2ed50d9fa56]"
2023-09-16 * "852 96221974 (強哥首飾加工師傅) [cef6a8eb-0892-4a7c-bfdc-328752af4fd5]" "Bill Payment for Bill #757 #dfbcdc3e-51bf-41af-b365-c5e6077f9844"
  Liabilities:CurrentLiabilities:AccountPayable 600.00 HKD
  contact: "852 96221974 (強哥首飾加工師傅) [cef6a8eb-0892-4a7c-bfdc-328752af4fd5]"
  type: "Bill Payment"
  sourceId: "dfbcdc3e-51bf-41af-b365-c5e6077f9844"
  referenceNo: "757"
  orderId: "c08c8d49-b4fa-4519-938c-469bcd555bdb"
  Assets:CurrentAssets:Cash:CashInHand -600.00 HKD
  type: "Bill Payment"
  sourceId: "dfbcdc3e-51bf-41af-b365-c5e6077f9844"
  referenceNo: "757"
  orderId: "c08c8d49-b4fa-4519-938c-469bcd555bdb"
2023-09-16 * "Invoice #668 "
  Income:Sales:SalesItem:Sell18kJewelry -4880.00 HKD
  category: "Jewelry"
  sku: "DDFFFFFF0600000000000019"
  qty: 1
  referenceNo: "668"
  orderId: "2aed45ee-6182-40e8-93a8-3e991a2f6994"
  type: "Invoice Item"
  sourceId: "5bbb8594-f8fd-4acf-bd54-9851c6296c3d"
  Assets:CurrentAssets:AccountReceivable
  referenceNo: "668"
  orderId: "2aed45ee-6182-40e8-93a8-3e991a2f6994"
  type: "Invoice"
  sourceId: "2aed45ee-6182-40e8-93a8-3e991a2f6994"
  contact: "880 802 (Walkin) [42348712-7daa-4c29-93b7-756b472429a4]"
2023-09-17 * "Assets:CurrentAssets:Bank:KpayBank" "Invoice Payment for Invoice #668 #6b321d6b-3674-41bf-8026-ac342f30efaa"
  Assets:CurrentAssets:Bank:KpayBank 4880.00 HKD
  type: "Invoice Payment"
  sourceId: "6b321d6b-3674-41bf-8026-ac342f30efaa"
  referenceNo: "668"
  orderId: "2aed45ee-6182-40e8-93a8-3e991a2f6994"
  Assets:CurrentAssets:AccountReceivable -4880.00 HKD
  type: "Invoice Payment"
  sourceId: "6b321d6b-3674-41bf-8026-ac342f30efaa"
  referenceNo: "668"
  orderId: "2aed45ee-6182-40e8-93a8-3e991a2f6994"
  contact: "880 802 (Walkin) [42348712-7daa-4c29-93b7-756b472429a4]"
2023-09-18 * "Invoice #270 "
  Income:Sales:SalesItem:SellGoldJewelry -3200.00 HKD
  category: "Gold Jewelry"
  sku: "DDFF23051703000000000008"
  qty: 1
  referenceNo: "270"
  orderId: "62e2af19-a3ce-48e1-9ea3-4f5c89951b0d"
  type: "Invoice Item"
  sourceId: "73309cf8-8e59-4894-a4fa-123fff78a21f"
  Assets:CurrentAssets:AccountReceivable
  referenceNo: "270"
  orderId: "62e2af19-a3ce-48e1-9ea3-4f5c89951b0d"
  type: "Invoice"
  sourceId: "62e2af19-a3ce-48e1-9ea3-4f5c89951b0d"
  contact: "880 802 (Walkin) [42348712-7daa-4c29-93b7-756b472429a4]"
2023-09-18 * "Bill #779 G17電費(2023-8月)"
  referenceNo: "779"
  orderId: "46a43dee-7344-4499-89a2-3dd1eb0d6987"
  type: "Bill"
  Expenses:GeneralExpense:ElectricityLightHeating 2162.00 HKD
  qty: "1"
  description: "G17電費(2023-8月)"
  referenceNo: "779"
  orderId: "46a43dee-7344-4499-89a2-3dd1eb0d6987"
  type: "Bill Item"
  sourceId: "167d3ff4-0f6f-4072-8aad-7fb12d1cb4ab"
  Liabilities:CurrentLiabilities:AccountPayable
  referenceNo: "779"
  orderId: "46a43dee-7344-4499-89a2-3dd1eb0d6987"
  type: "Bill"
  sourceId: "46a43dee-7344-4499-89a2-3dd1eb0d6987"
  contact: "880 806 () [53b8789a-4451-4a1f-84f7-a9c5da7ada1a]"
2023-09-18 * "Bill #759 kpay089"
  referenceNo: "759"
  orderId: "27f1d2a3-677a-4d3e-a066-a55dbdabf9d0"
  type: "Bill"
  Expenses:GeneralExpense:CardFeeExpense 87.14 HKD
  qty: "1"
  description: "6603 - 6515.86 = 87.14"
  referenceNo: "759"
  orderId: "27f1d2a3-677a-4d3e-a066-a55dbdabf9d0"
  type: "Bill Item"
  sourceId: "0eb8c888-efa2-44de-8c61-32a9da323355"
  Liabilities:CurrentLiabilities:AccountPayable
  referenceNo: "759"
  orderId: "27f1d2a3-677a-4d3e-a066-a55dbdabf9d0"
  type: "Bill"
  sourceId: "27f1d2a3-677a-4d3e-a066-a55dbdabf9d0"
  contact: "998 12345821 (KPAY) [5a706f32-7edc-48d8-ae47-62fee1e8bba1]"
2023-09-18 * "Assets:CurrentAssets:Bank:KpayBank" "Invoice Payment for Invoice #255 #4e0a9d3c-b388-420a-8ef2-7cb9b1ec20d9"
  Assets:CurrentAssets:Bank:KpayBank 24400.00 HKD
  type: "Invoice Payment"
  sourceId: "4e0a9d3c-b388-420a-8ef2-7cb9b1ec20d9"
  referenceNo: "255"
  orderId: "9c7262ff-a44b-42d3-bbf2-2e36164d8927"
  Assets:CurrentAssets:AccountReceivable -24400.00 HKD
  type: "Invoice Payment"
  sourceId: "4e0a9d3c-b388-420a-8ef2-7cb9b1ec20d9"
  referenceNo: "255"
  orderId: "9c7262ff-a44b-42d3-bbf2-2e36164d8927"
  contact: "852 63332178 (MR.SIMONPOON) [bf5dd46d-f58b-4fe7-bdea-cb9a146a8bef]"
2023-09-18 * "Assets:CurrentAssets:Cash:CashInHand" "Invoice Payment for Invoice #270 #0f0d5e43-4dd3-477f-9472-9901a619aa15"
  Assets:CurrentAssets:Cash:CashInHand 3200.00 HKD
  type: "Invoice Payment"
  sourceId: "0f0d5e43-4dd3-477f-9472-9901a619aa15"
  referenceNo: "270"
  orderId: "62e2af19-a3ce-48e1-9ea3-4f5c89951b0d"
  Assets:CurrentAssets:AccountReceivable -3200.00 HKD
  type: "Invoice Payment"
  sourceId: "0f0d5e43-4dd3-477f-9472-9901a619aa15"
  referenceNo: "270"
  orderId: "62e2af19-a3ce-48e1-9ea3-4f5c89951b0d"
  contact: "880 802 (Walkin) [42348712-7daa-4c29-93b7-756b472429a4]"
2023-09-18 * "880 806 () [53b8789a-4451-4a1f-84f7-a9c5da7ada1a]" "Bill Payment for Bill #779 #40dd2d58-ae16-47ed-b9b0-b05b18d818da"
  Liabilities:CurrentLiabilities:AccountPayable 2162.00 HKD
  contact: "880 806 () [53b8789a-4451-4a1f-84f7-a9c5da7ada1a]"
  type: "Bill Payment"
  sourceId: "40dd2d58-ae16-47ed-b9b0-b05b18d818da"
  referenceNo: "779"
  orderId: "46a43dee-7344-4499-89a2-3dd1eb0d6987"
  Liabilities:CurrentLiabilities:CurrentAccount:C-a-MilrichElectronicsHkCoLtd -2162.00 HKD
  type: "Bill Payment"
  sourceId: "40dd2d58-ae16-47ed-b9b0-b05b18d818da"
  referenceNo: "779"
  orderId: "46a43dee-7344-4499-89a2-3dd1eb0d6987"
2023-09-18 * "998 12345821 (KPAY) [5a706f32-7edc-48d8-ae47-62fee1e8bba1]" "Bill Payment for Bill #759 #c83172a9-9879-4553-b918-b0c798c045fa"
  Liabilities:CurrentLiabilities:AccountPayable 87.14 HKD
  contact: "998 12345821 (KPAY) [5a706f32-7edc-48d8-ae47-62fee1e8bba1]"
  type: "Bill Payment"
  sourceId: "c83172a9-9879-4553-b918-b0c798c045fa"
  referenceNo: "759"
  orderId: "27f1d2a3-677a-4d3e-a066-a55dbdabf9d0"
  Assets:CurrentAssets:Bank:KpayBank -87.14 HKD
  type: "Bill Payment"
  sourceId: "c83172a9-9879-4553-b918-b0c798c045fa"
  referenceNo: "759"
  orderId: "27f1d2a3-677a-4d3e-a066-a55dbdabf9d0"
2023-09-20 * "Invoice #272 AA39273"
  Income:Sales:SalesItem:Sell18kJewelry -3520.00 HKD
  category: "Jewelry"
  sku: "DDFFFFFF0200000000000015"
  qty: 1
  referenceNo: "272"
  orderId: "ad4cf4fc-c11a-4d3d-8c94-aa2012f9edad"
  type: "Invoice Item"
  sourceId: "1abb6c1e-212b-43eb-a2ec-51ae0ea7355c"
  Income:Sales:SalesItem:Sell18kJewelry -1800.00 HKD
  category: "Jewelry"
  sku: "DDFFFFFF0700000000000030"
  qty: 1
  referenceNo: "272"
  orderId: "ad4cf4fc-c11a-4d3d-8c94-aa2012f9edad"
  type: "Invoice Item"
  sourceId: "972bc290-1842-4320-9ae6-cc38e8e8106a"
  Assets:CurrentAssets:AccountReceivable
  referenceNo: "272"
  orderId: "ad4cf4fc-c11a-4d3d-8c94-aa2012f9edad"
  type: "Invoice"
  sourceId: "ad4cf4fc-c11a-4d3d-8c94-aa2012f9edad"
  contact: "880 802 (Walkin) [42348712-7daa-4c29-93b7-756b472429a4]"
2023-09-20 * "Bill #760 kpay090"
  referenceNo: "760"
  orderId: "d6cbc493-bfcb-4329-b45e-962ea08b78ae"
  type: "Bill"
  Expenses:GeneralExpense:CardFeeExpense 59.56 HKD
  qty: "1"
  description: "4880 - 4820.44 = 59.56"
  referenceNo: "760"
  orderId: "d6cbc493-bfcb-4329-b45e-962ea08b78ae"
  type: "Bill Item"
  sourceId: "4eb73ab7-e103-49f4-9086-39714e2e79fc"
  Liabilities:CurrentLiabilities:AccountPayable
  referenceNo: "760"
  orderId: "d6cbc493-bfcb-4329-b45e-962ea08b78ae"
  type: "Bill"
  sourceId: "d6cbc493-bfcb-4329-b45e-962ea08b78ae"
  contact: "998 12345821 (KPAY) [5a706f32-7edc-48d8-ae47-62fee1e8bba1]"
2023-09-20 * "Bill #761 G17 10月2023 租金"
  referenceNo: "761"
  orderId: "a399b78e-5ceb-4b9b-bcfc-d6c6dc89eeb6"
  type: "Bill"
  Expenses:GeneralExpense:Rent 48000.00 HKD
  qty: "1"
  description: "G17 10月2023 租金"
  referenceNo: "761"
  orderId: "a399b78e-5ceb-4b9b-bcfc-d6c6dc89eeb6"
  type: "Bill Item"
  sourceId: "33b2dd3e-30d8-48e1-b250-faca106fd8a3"
  Liabilities:CurrentLiabilities:AccountPayable
  referenceNo: "761"
  orderId: "a399b78e-5ceb-4b9b-bcfc-d6c6dc89eeb6"
  type: "Bill"
  sourceId: "a399b78e-5ceb-4b9b-bcfc-d6c6dc89eeb6"
  contact: "880 806 () [53b8789a-4451-4a1f-84f7-a9c5da7ada1a]"
2023-09-20 * "Bill #762 9月2023MPF"
  referenceNo: "762"
  orderId: "c81f9898-38dd-4e9b-8c12-0439a46cedfb"
  type: "Bill"
  Expenses:GeneralExpense:Mpf 5700.00 HKD
  qty: "1"
  description: "9月2023MPF"
  referenceNo: "762"
  orderId: "c81f9898-38dd-4e9b-8c12-0439a46cedfb"
  type: "Bill Item"
  sourceId: "d1294b62-2505-429c-8f21-04ef3cdfee7f"
  Liabilities:CurrentLiabilities:AccountPayable
  referenceNo: "762"
  orderId: "c81f9898-38dd-4e9b-8c12-0439a46cedfb"
  type: "Bill"
  sourceId: "c81f9898-38dd-4e9b-8c12-0439a46cedfb"
  contact: "880 806 () [53b8789a-4451-4a1f-84f7-a9c5da7ada1a]"
2023-09-20 * "Assets:CurrentAssets:Bank:KpayBank" "Invoice Payment for Invoice #272 #2fe99fed-f10f-46b1-b3b9-7eeab374afef"
  Assets:CurrentAssets:Bank:KpayBank 5320.00 HKD
  type: "Invoice Payment"
  sourceId: "2fe99fed-f10f-46b1-b3b9-7eeab374afef"
  referenceNo: "272"
  orderId: "ad4cf4fc-c11a-4d3d-8c94-aa2012f9edad"
  Assets:CurrentAssets:AccountReceivable -5320.00 HKD
  type: "Invoice Payment"
  sourceId: "2fe99fed-f10f-46b1-b3b9-7eeab374afef"
  referenceNo: "272"
  orderId: "ad4cf4fc-c11a-4d3d-8c94-aa2012f9edad"
  contact: "880 802 (Walkin) [42348712-7daa-4c29-93b7-756b472429a4]"
2023-09-20 * "880 806 () [53b8789a-4451-4a1f-84f7-a9c5da7ada1a]" "Bill Payment for Bill #761 #9c1bceed-7cdc-4933-9a67-b1245591e7ca"
  Liabilities:CurrentLiabilities:AccountPayable 48000.00 HKD
  contact: "880 806 () [53b8789a-4451-4a1f-84f7-a9c5da7ada1a]"
  type: "Bill Payment"
  sourceId: "9c1bceed-7cdc-4933-9a67-b1245591e7ca"
  referenceNo: "761"
  orderId: "a399b78e-5ceb-4b9b-bcfc-d6c6dc89eeb6"
  Assets:CurrentAssets:Bank:BocCurrentBank -48000.00 HKD
  type: "Bill Payment"
  sourceId: "9c1bceed-7cdc-4933-9a67-b1245591e7ca"
  referenceNo: "761"
  orderId: "a399b78e-5ceb-4b9b-bcfc-d6c6dc89eeb6"
2023-09-20 * "998 12345821 (KPAY) [5a706f32-7edc-48d8-ae47-62fee1e8bba1]" "Bill Payment for Bill #760 #3ebc94d2-3d2c-4bd0-b213-d9eac3734bb2"
  Liabilities:CurrentLiabilities:AccountPayable 59.56 HKD
  contact: "998 12345821 (KPAY) [5a706f32-7edc-48d8-ae47-62fee1e8bba1]"
  type: "Bill Payment"
  sourceId: "3ebc94d2-3d2c-4bd0-b213-d9eac3734bb2"
  referenceNo: "760"
  orderId: "d6cbc493-bfcb-4329-b45e-962ea08b78ae"
  Assets:CurrentAssets:Bank:KpayBank -59.56 HKD
  type: "Bill Payment"
  sourceId: "3ebc94d2-3d2c-4bd0-b213-d9eac3734bb2"
  referenceNo: "760"
  orderId: "d6cbc493-bfcb-4329-b45e-962ea08b78ae"
2023-09-21 * "Bill #763 kpay091"
  referenceNo: "763"
  orderId: "558e6de2-a064-4b03-8047-efeb63a0eb26"
  type: "Bill"
  Expenses:GeneralExpense:CardFeeExpense 367.00 HKD
  qty: "1"
  description: "24400 - 24033 = 367"
  referenceNo: "763"
  orderId: "558e6de2-a064-4b03-8047-efeb63a0eb26"
  type: "Bill Item"
  sourceId: "6cc29116-89be-4ed4-a7e7-a3d7eca1bcec"
  Liabilities:CurrentLiabilities:AccountPayable
  referenceNo: "763"
  orderId: "558e6de2-a064-4b03-8047-efeb63a0eb26"
  type: "Bill"
  sourceId: "558e6de2-a064-4b03-8047-efeb63a0eb26"
  contact: "998 12345821 (KPAY) [5a706f32-7edc-48d8-ae47-62fee1e8bba1]"
2023-09-21 * "998 12345821 (KPAY) [5a706f32-7edc-48d8-ae47-62fee1e8bba1]" "Bill Payment for Bill #763 #3c14a73c-c952-4a94-910c-225983f37c64"
  Liabilities:CurrentLiabilities:AccountPayable 367.00 HKD
  contact: "998 12345821 (KPAY) [5a706f32-7edc-48d8-ae47-62fee1e8bba1]"
  type: "Bill Payment"
  sourceId: "3c14a73c-c952-4a94-910c-225983f37c64"
  referenceNo: "763"
  orderId: "558e6de2-a064-4b03-8047-efeb63a0eb26"
  Assets:CurrentAssets:Bank:KpayBank -367.00 HKD
  type: "Bill Payment"
  sourceId: "3c14a73c-c952-4a94-910c-225983f37c64"
  referenceNo: "763"
  orderId: "558e6de2-a064-4b03-8047-efeb63a0eb26"
2023-09-21 * "Assets:CurrentAssets:Bank:BocSavingBank" "Invoice Payment for Invoice #248 #10b7a119-f17e-45b0-886d-95c8c7d3ae23"
  Assets:CurrentAssets:Bank:BocSavingBank 23500.00 HKD
  type: "Invoice Payment"
  sourceId: "10b7a119-f17e-45b0-886d-95c8c7d3ae23"
  referenceNo: "248"
  orderId: "4f735e2c-2826-4689-95b9-6a43764ec63e"
  Assets:CurrentAssets:AccountReceivable -23500.00 HKD
  type: "Invoice Payment"
  sourceId: "10b7a119-f17e-45b0-886d-95c8c7d3ae23"
  referenceNo: "248"
  orderId: "4f735e2c-2826-4689-95b9-6a43764ec63e"
  contact: "852 52817863 (MR.YAUFOR) [64a58f51-df31-420b-bebd-4257cc671da5]"
2023-09-22 * "Invoice #698 AA39286"
  Income:Sales:SalesItem:SellGoldJewelry -2380.00 HKD
  category: "Gold Jewelry"
  sku: "DDFF23051706000000000015"
  qty: 1
  referenceNo: "698"
  orderId: "eba92cb7-5250-429b-a24d-483e3b1d3a64"
  type: "Invoice Item"
  sourceId: "dd5f3c61-5c3f-4c12-ab27-f9c49fc08178"
  Assets:CurrentAssets:AccountReceivable
  referenceNo: "698"
  orderId: "eba92cb7-5250-429b-a24d-483e3b1d3a64"
  type: "Invoice"
  sourceId: "eba92cb7-5250-429b-a24d-483e3b1d3a64"
  contact: "880 802 (Walkin) [42348712-7daa-4c29-93b7-756b472429a4]"
2023-09-22 * "Invoice #660 AA39285"
  Income:Sales:SalesItem:SellGoldJewelry -21480.00 HKD
  category: "Gold Jewelry"
  sku: "DDFF23051204000000000043"
  qty: 1
  referenceNo: "660"
  orderId: "7a2f8a4b-efd5-4076-95bc-7cf6c6d864bd"
  type: "Invoice Item"
  sourceId: "c0da7069-4310-4a28-a4b3-9b857d0bffb7"
  Assets:CurrentAssets:AccountReceivable
  referenceNo: "660"
  orderId: "7a2f8a4b-efd5-4076-95bc-7cf6c6d864bd"
  type: "Invoice"
  sourceId: "7a2f8a4b-efd5-4076-95bc-7cf6c6d864bd"
  contact: "880 802 (Walkin) [42348712-7daa-4c29-93b7-756b472429a4]"
2023-09-22 * "Assets:CurrentAssets:Bank:KpayBank" "Invoice Payment for Invoice #698 #0545db53-a89e-485b-9cd2-b74afb9607c6"
  Assets:CurrentAssets:Bank:KpayBank 2380.00 HKD
  type: "Invoice Payment"
  sourceId: "0545db53-a89e-485b-9cd2-b74afb9607c6"
  referenceNo: "698"
  orderId: "eba92cb7-5250-429b-a24d-483e3b1d3a64"
  Assets:CurrentAssets:AccountReceivable -2380.00 HKD
  type: "Invoice Payment"
  sourceId: "0545db53-a89e-485b-9cd2-b74afb9607c6"
  referenceNo: "698"
  orderId: "eba92cb7-5250-429b-a24d-483e3b1d3a64"
  contact: "880 802 (Walkin) [42348712-7daa-4c29-93b7-756b472429a4]"
2023-09-22 * "Assets:CurrentAssets:Bank:KpayBank" "Invoice Payment for Invoice #660 #7d405cd3-e270-4e55-99f0-50f69f04d4b9"
  Assets:CurrentAssets:Bank:KpayBank 21480.00 HKD
  type: "Invoice Payment"
  sourceId: "7d405cd3-e270-4e55-99f0-50f69f04d4b9"
  referenceNo: "660"
  orderId: "7a2f8a4b-efd5-4076-95bc-7cf6c6d864bd"
  Assets:CurrentAssets:AccountReceivable -21480.00 HKD
  type: "Invoice Payment"
  sourceId: "7d405cd3-e270-4e55-99f0-50f69f04d4b9"
  referenceNo: "660"
  orderId: "7a2f8a4b-efd5-4076-95bc-7cf6c6d864bd"
  contact: "880 802 (Walkin) [42348712-7daa-4c29-93b7-756b472429a4]"
2023-09-23 * "Invoice #276 "
  Income:Sales:SalesItem:Sell18kJewelry -6300.00 HKD
  category: "Jewelry"
  sku: "DDFFFFFF0500000000000047"
  qty: 1
  referenceNo: "276"
  orderId: "4de869b6-7855-4a9a-b640-bb4db0c507ba"
  type: "Invoice Item"
  sourceId: "37c59322-c399-4e9c-b23a-6215f5e26a2c"
  Assets:CurrentAssets:AccountReceivable
  referenceNo: "276"
  orderId: "4de869b6-7855-4a9a-b640-bb4db0c507ba"
  type: "Invoice"
  sourceId: "4de869b6-7855-4a9a-b640-bb4db0c507ba"
  contact: "880 802 (Walkin) [42348712-7daa-4c29-93b7-756b472429a4]"
2023-09-23 * "Assets:CurrentAssets:Bank:KpayBank" "Invoice Payment for Invoice #276 #e56b84da-6575-4c80-a604-4ebda4395bab"
  Assets:CurrentAssets:Bank:KpayBank 6300.00 HKD
  type: "Invoice Payment"
  sourceId: "e56b84da-6575-4c80-a604-4ebda4395bab"
  referenceNo: "276"
  orderId: "4de869b6-7855-4a9a-b640-bb4db0c507ba"
  Assets:CurrentAssets:AccountReceivable -6300.00 HKD
  type: "Invoice Payment"
  sourceId: "e56b84da-6575-4c80-a604-4ebda4395bab"
  referenceNo: "276"
  orderId: "4de869b6-7855-4a9a-b640-bb4db0c507ba"
  contact: "880 802 (Walkin) [42348712-7daa-4c29-93b7-756b472429a4]"
2023-09-23 * "Assets:CurrentAssets:Bank:AeBank" "Invoice Payment for Invoice #239 #d9c12a09-ad0e-4f81-8eea-3635788bf572"
  Assets:CurrentAssets:Bank:AeBank 11800.00 HKD
  type: "Invoice Payment"
  sourceId: "d9c12a09-ad0e-4f81-8eea-3635788bf572"
  referenceNo: "239"
  orderId: "33392f58-863d-4b30-980a-bf1e16992360"
  Assets:CurrentAssets:AccountReceivable -11800.00 HKD
  type: "Invoice Payment"
  sourceId: "d9c12a09-ad0e-4f81-8eea-3635788bf572"
  referenceNo: "239"
  orderId: "33392f58-863d-4b30-980a-bf1e16992360"
  contact: "852 95204790 (MR.ALEXNG) [c5b3d348-40b4-4b7b-b6da-acb05e8cac31]"
2023-09-24 * "Invoice #277 AA39287"
  Income:Sales:SalesItem:SellGoldJewelry -4440.00 HKD
  category: "Gold Jewelry"
  sku: "DDFF23051707000000000004"
  qty: 1
  referenceNo: "277"
  orderId: "c068706c-e815-4bb6-a9c3-90e0a8767b25"
  type: "Invoice Item"
  sourceId: "84585c52-7b24-4a88-9038-ad953a5e8521"
  Income:Sales:SalesItem:SellGoldJewelry -4360.00 HKD
  category: "Gold Jewelry"
  sku: "DDFF23051707000000000009"
  qty: 1
  referenceNo: "277"
  orderId: "c068706c-e815-4bb6-a9c3-90e0a8767b25"
  type: "Invoice Item"
  sourceId: "a4673071-ee5f-440b-b7dd-389669c6d657"
  Assets:CurrentAssets:AccountReceivable
  referenceNo: "277"
  orderId: "c068706c-e815-4bb6-a9c3-90e0a8767b25"
  type: "Invoice"
  sourceId: "c068706c-e815-4bb6-a9c3-90e0a8767b25"
  contact: "880 802 (Walkin) [42348712-7daa-4c29-93b7-756b472429a4]"
2023-09-25 * "Bill #1390 BOC VISA Card - David 09月 2023"
  referenceNo: "1390"
  orderId: "3b127304-f9ab-407b-96c1-df5f7af6dabd"
  type: "Bill"
  Expenses:GeneralExpense:OfficeExpenses 9.64 HKD
  qty: "1"
  description: "淘寶"
  referenceNo: "1390"
  orderId: "3b127304-f9ab-407b-96c1-df5f7af6dabd"
  type: "Bill Item"
  sourceId: "035aec20-997f-49a4-8209-c42cb196905d"
  Expenses:GeneralExpense:Subscriptions 239.87 HKD
  qty: "1"
  description: "MIDJOURNEY INC USD 30"
  referenceNo: "1390"
  orderId: "3b127304-f9ab-407b-96c1-df5f7af6dabd"
  type: "Bill Item"
  sourceId: "0f69e9c1-6377-4bca-bd93-44b1ba7ec7e7"
  Expenses:GeneralExpense:Subscriptions 78.00 HKD
  qty: "1"
  description: "
MICROSOFT*MICROSOFT 365 F"
  referenceNo: "1390"
  orderId: "3b127304-f9ab-407b-96c1-df5f7af6dabd"
  type: "Bill Item"
  sourceId: "16d14b6e-f8c6-458b-a772-8ab2af95c404"
  Liabilities:CurrentLiabilities:AccountPayable
  referenceNo: "1390"
  orderId: "3b127304-f9ab-407b-96c1-df5f7af6dabd"
  type: "Bill"
  sourceId: "3b127304-f9ab-407b-96c1-df5f7af6dabd"
  contact: "880 806 () [53b8789a-4451-4a1f-84f7-a9c5da7ada1a]"
2023-09-25 * "Bill #1271 ae003"
  referenceNo: "1271"
  orderId: "9e32fa9a-4c99-4403-bd67-020e915e8f21"
  type: "Bill"
  Expenses:GeneralExpense:CardFeeExpense 224.20 HKD
  qty: "1"
  description: "11800 - 11575.8 = 224.2"
  referenceNo: "1271"
  orderId: "9e32fa9a-4c99-4403-bd67-020e915e8f21"
  type: "Bill Item"
  sourceId: "1e25ee5e-0e3d-4ade-a605-2bc4e6bbcc51"
  Liabilities:CurrentLiabilities:AccountPayable
  referenceNo: "1271"
  orderId: "9e32fa9a-4c99-4403-bd67-020e915e8f21"
  type: "Bill"
  sourceId: "9e32fa9a-4c99-4403-bd67-020e915e8f21"
  contact: "998 12345784 (AE) [886cf440-ce59-4d7a-8f74-b3dbe8707bd8]"
2023-09-25 * "Bill #1252 Bank Fee (9.25)"
  referenceNo: "1252"
  orderId: "12c6c9d0-bd11-4b4b-af26-db0186d86046"
  type: "Bill"
  Expenses:GeneralExpense:BankFeesExpense 55.00 HKD
  qty: "1"
  description: "Bank Fee (9.25) - 2"
  referenceNo: "1252"
  orderId: "12c6c9d0-bd11-4b4b-af26-db0186d86046"
  type: "Bill Item"
  sourceId: "fb425b42-8960-46a9-a5af-9535886818b0"
  Expenses:GeneralExpense:BankFeesExpense 55.00 HKD
  qty: "1"
  description: "Bank Fee (9.25) - 1"
  referenceNo: "1252"
  orderId: "12c6c9d0-bd11-4b4b-af26-db0186d86046"
  type: "Bill Item"
  sourceId: "63bceaf0-8280-4ac3-af21-ecbf208febda"
  Liabilities:CurrentLiabilities:AccountPayable
  referenceNo: "1252"
  orderId: "12c6c9d0-bd11-4b4b-af26-db0186d86046"
  type: "Bill"
  sourceId: "12c6c9d0-bd11-4b4b-af26-db0186d86046"
  contact: "880 806 () [53b8789a-4451-4a1f-84f7-a9c5da7ada1a]"
2023-09-25 * "Bill #1257 RAPAPORT 1 yr (23/24) USD 729"
  referenceNo: "1257"
  orderId: "bc68da21-23e5-4e56-ab31-788ee7c65abf"
  type: "Bill"
  Expenses:GeneralExpense:Subscriptions 5713.03 HKD
  qty: "1"
  description: "RAPAPORT 1 yr (23/24) USD 729"
  referenceNo: "1257"
  orderId: "bc68da21-23e5-4e56-ab31-788ee7c65abf"
  type: "Bill Item"
  sourceId: "f6073b99-38ce-4e76-823e-0d9e8e713535"
  Liabilities:CurrentLiabilities:AccountPayable
  referenceNo: "1257"
  orderId: "bc68da21-23e5-4e56-ab31-788ee7c65abf"
  type: "Bill"
  sourceId: "bc68da21-23e5-4e56-ab31-788ee7c65abf"
  contact: "880 806 () [53b8789a-4451-4a1f-84f7-a9c5da7ada1a]"
2023-09-25 * "Bill #1260 kpay092"
  referenceNo: "1260"
  orderId: "678f9501-4d25-4a56-99ab-bc8490619f72"
  type: "Bill"
  Expenses:GeneralExpense:CardFeeExpense 64.84 HKD
  qty: "1"
  description: "5320 - 5255.16 = 64.84"
  referenceNo: "1260"
  orderId: "678f9501-4d25-4a56-99ab-bc8490619f72"
  type: "Bill Item"
  sourceId: "4f1f22bf-92c4-4f64-8795-b8799a36fb7f"
  Liabilities:CurrentLiabilities:AccountPayable
  referenceNo: "1260"
  orderId: "678f9501-4d25-4a56-99ab-bc8490619f72"
  type: "Bill"
  sourceId: "678f9501-4d25-4a56-99ab-bc8490619f72"
  contact: "998 12345821 (KPAY) [5a706f32-7edc-48d8-ae47-62fee1e8bba1]"
2023-09-25 * "880 806 () [53b8789a-4451-4a1f-84f7-a9c5da7ada1a]" "Bill Payment for Bill #1390 #74b6d1e0-a675-487c-8ddb-77f7f787a516"
  Liabilities:CurrentLiabilities:AccountPayable 327.51 HKD
  contact: "880 806 () [53b8789a-4451-4a1f-84f7-a9c5da7ada1a]"
  type: "Bill Payment"
  sourceId: "74b6d1e0-a675-487c-8ddb-77f7f787a516"
  referenceNo: "1390"
  orderId: "3b127304-f9ab-407b-96c1-df5f7af6dabd"
  Assets:CurrentAssets:Bank:BocVisaCard-DavidBank -327.51 HKD
  type: "Bill Payment"
  sourceId: "74b6d1e0-a675-487c-8ddb-77f7f787a516"
  referenceNo: "1390"
  orderId: "3b127304-f9ab-407b-96c1-df5f7af6dabd"
2023-09-25 * "998 12345775 (VED-VENIDIAMLTD) [af11cd82-725d-4855-83d7-d2ed50d9fa56]" "Bill Payment for Bill #756 #dd289643-3d0b-4de1-8f94-73b33e0baf69"
  Liabilities:CurrentLiabilities:AccountPayable 26750.00 USD
  contact: "998 12345775 (VED-VENIDIAMLTD) [af11cd82-725d-4855-83d7-d2ed50d9fa56]"
  type: "Bill Payment"
  sourceId: "dd289643-3d0b-4de1-8f94-73b33e0baf69"
  referenceNo: "756"
  orderId: "4291d758-3447-4193-817c-a941b690df45"
  Assets:CurrentAssets:Bank:BocSavingBank -26750.00 USD
  type: "Bill Payment"
  sourceId: "dd289643-3d0b-4de1-8f94-73b33e0baf69"
  referenceNo: "756"
  orderId: "4291d758-3447-4193-817c-a941b690df45"
2023-09-25 * "998 12345821 (KPAY) [5a706f32-7edc-48d8-ae47-62fee1e8bba1]" "Bill Payment for Bill #1260 #9ebe3cc7-3e35-46c8-96ef-1aa776300a37"
  Liabilities:CurrentLiabilities:AccountPayable 64.84 HKD
  contact: "998 12345821 (KPAY) [5a706f32-7edc-48d8-ae47-62fee1e8bba1]"
  type: "Bill Payment"
  sourceId: "9ebe3cc7-3e35-46c8-96ef-1aa776300a37"
  referenceNo: "1260"
  orderId: "678f9501-4d25-4a56-99ab-bc8490619f72"
  Assets:CurrentAssets:Bank:KpayBank -64.84 HKD
  type: "Bill Payment"
  sourceId: "9ebe3cc7-3e35-46c8-96ef-1aa776300a37"
  referenceNo: "1260"
  orderId: "678f9501-4d25-4a56-99ab-bc8490619f72"
2023-09-25 * "880 806 () [53b8789a-4451-4a1f-84f7-a9c5da7ada1a]" "Bill Payment for Bill #1252 #57dabca4-54b4-4249-a4c3-44f47a7897aa"
  Liabilities:CurrentLiabilities:AccountPayable 110.00 HKD
  contact: "880 806 () [53b8789a-4451-4a1f-84f7-a9c5da7ada1a]"
  type: "Bill Payment"
  sourceId: "57dabca4-54b4-4249-a4c3-44f47a7897aa"
  referenceNo: "1252"
  orderId: "12c6c9d0-bd11-4b4b-af26-db0186d86046"
  Assets:CurrentAssets:Bank:BocSavingBank -110.00 HKD
  type: "Bill Payment"
  sourceId: "57dabca4-54b4-4249-a4c3-44f47a7897aa"
  referenceNo: "1252"
  orderId: "12c6c9d0-bd11-4b4b-af26-db0186d86046"
2023-09-25 * "880 806 () [53b8789a-4451-4a1f-84f7-a9c5da7ada1a]" "Bill Payment for Bill #1257 #f19223bd-61ce-4587-abe5-994ac6250c9f"
  Liabilities:CurrentLiabilities:AccountPayable 5713.03 HKD
  contact: "880 806 () [53b8789a-4451-4a1f-84f7-a9c5da7ada1a]"
  type: "Bill Payment"
  sourceId: "f19223bd-61ce-4587-abe5-994ac6250c9f"
  referenceNo: "1257"
  orderId: "bc68da21-23e5-4e56-ab31-788ee7c65abf"
  Assets:CurrentAssets:Bank:BocSavingBank -5713.03 HKD
  type: "Bill Payment"
  sourceId: "f19223bd-61ce-4587-abe5-994ac6250c9f"
  referenceNo: "1257"
  orderId: "bc68da21-23e5-4e56-ab31-788ee7c65abf"
2023-09-25 * "998 12345784 (AE) [886cf440-ce59-4d7a-8f74-b3dbe8707bd8]" "Bill Payment for Bill #1271 #ec31bc4c-b657-4445-80b8-800d78af60af"
  Liabilities:CurrentLiabilities:AccountPayable 224.20 HKD
  contact: "998 12345784 (AE) [886cf440-ce59-4d7a-8f74-b3dbe8707bd8]"
  type: "Bill Payment"
  sourceId: "ec31bc4c-b657-4445-80b8-800d78af60af"
  referenceNo: "1271"
  orderId: "9e32fa9a-4c99-4403-bd67-020e915e8f21"
  Assets:CurrentAssets:Bank:AeBank -224.20 HKD
  type: "Bill Payment"
  sourceId: "ec31bc4c-b657-4445-80b8-800d78af60af"
  referenceNo: "1271"
  orderId: "9e32fa9a-4c99-4403-bd67-020e915e8f21"
2023-09-25 * "880 806 () [53b8789a-4451-4a1f-84f7-a9c5da7ada1a]" "Bill Payment for Bill #762 #d3eeec61-b74f-4601-854b-bb4f9daf903f"
  Liabilities:CurrentLiabilities:AccountPayable 5700.00 HKD
  contact: "880 806 () [53b8789a-4451-4a1f-84f7-a9c5da7ada1a]"
  type: "Bill Payment"
  sourceId: "d3eeec61-b74f-4601-854b-bb4f9daf903f"
  referenceNo: "762"
  orderId: "c81f9898-38dd-4e9b-8c12-0439a46cedfb"
  Assets:CurrentAssets:Bank:BocCurrentBank -5700.00 HKD
  type: "Bill Payment"
  sourceId: "d3eeec61-b74f-4601-854b-bb4f9daf903f"
  referenceNo: "762"
  orderId: "c81f9898-38dd-4e9b-8c12-0439a46cedfb"
2023-09-25 * "Assets:CurrentAssets:Cash:CashInHand" "Invoice Payment for Invoice #277 #c10d9043-70f0-4225-bdaa-4505479e4fdc"
  Assets:CurrentAssets:Cash:CashInHand 3000.00 HKD
  type: "Invoice Payment"
  sourceId: "c10d9043-70f0-4225-bdaa-4505479e4fdc"
  referenceNo: "277"
  orderId: "c068706c-e815-4bb6-a9c3-90e0a8767b25"
  Assets:CurrentAssets:AccountReceivable -3000.00 HKD
  type: "Invoice Payment"
  sourceId: "c10d9043-70f0-4225-bdaa-4505479e4fdc"
  referenceNo: "277"
  orderId: "c068706c-e815-4bb6-a9c3-90e0a8767b25"
  contact: "880 802 (Walkin) [42348712-7daa-4c29-93b7-756b472429a4]"
2023-09-25 * "Assets:CurrentAssets:Bank:KpayBank" "Invoice Payment for Invoice #277 #5136f39a-9480-4296-9d12-46f636012f78"
  Assets:CurrentAssets:Bank:KpayBank 5800.00 HKD
  type: "Invoice Payment"
  sourceId: "5136f39a-9480-4296-9d12-46f636012f78"
  referenceNo: "277"
  orderId: "c068706c-e815-4bb6-a9c3-90e0a8767b25"
  Assets:CurrentAssets:AccountReceivable -5800.00 HKD
  type: "Invoice Payment"
  sourceId: "5136f39a-9480-4296-9d12-46f636012f78"
  referenceNo: "277"
  orderId: "c068706c-e815-4bb6-a9c3-90e0a8767b25"
  contact: "880 802 (Walkin) [42348712-7daa-4c29-93b7-756b472429a4]"
2023-09-25 * "Invoice #279 AA39288"
  Income:Sales:SalesItem:SellGoldJewelry -3740.00 HKD
  category: "Gold Jewelry"
  sku: "DDFF23051703000000000039"
  qty: 1
  referenceNo: "279"
  orderId: "05ad92b4-07c3-4c56-9b9e-6a9072003ce3"
  type: "Invoice Item"
  sourceId: "a0013f84-1b78-49c6-a250-52c88de52ee9"
  Assets:CurrentAssets:AccountReceivable
  referenceNo: "279"
  orderId: "05ad92b4-07c3-4c56-9b9e-6a9072003ce3"
  type: "Invoice"
  sourceId: "05ad92b4-07c3-4c56-9b9e-6a9072003ce3"
  contact: "86 133325376600 (MS.LI) [c225420c-43ab-4a09-b84e-1416c5c622b1]"
2023-09-25 * "Invoice #659 AA39289"
  Income:Sales:SalesItem:SellGoldJewelry -3300.00 HKD
  category: "Gold Jewelry"
  sku: "DDFF2305120A000000000005"
  qty: 1
  referenceNo: "659"
  orderId: "7ece9f19-81c9-48f9-8eb3-6f07646de16f"
  type: "Invoice Item"
  sourceId: "0927f7b1-1e27-441f-bd82-7c50307cd05f"
  Assets:CurrentAssets:AccountReceivable
  referenceNo: "659"
  orderId: "7ece9f19-81c9-48f9-8eb3-6f07646de16f"
  type: "Invoice"
  sourceId: "7ece9f19-81c9-48f9-8eb3-6f07646de16f"
  contact: "880 802 (Walkin) [42348712-7daa-4c29-93b7-756b472429a4]"
2023-09-25 * "Assets:CurrentAssets:Bank:KpayBank" "Invoice Payment for Invoice #279 #f1fd0dca-7985-4d0a-bc92-dfaf73088460"
  Assets:CurrentAssets:Bank:KpayBank 3740.00 HKD
  type: "Invoice Payment"
  sourceId: "f1fd0dca-7985-4d0a-bc92-dfaf73088460"
  referenceNo: "279"
  orderId: "05ad92b4-07c3-4c56-9b9e-6a9072003ce3"
  Assets:CurrentAssets:AccountReceivable -3740.00 HKD
  type: "Invoice Payment"
  sourceId: "f1fd0dca-7985-4d0a-bc92-dfaf73088460"
  referenceNo: "279"
  orderId: "05ad92b4-07c3-4c56-9b9e-6a9072003ce3"
  contact: "86 133325376600 (MS.LI) [c225420c-43ab-4a09-b84e-1416c5c622b1]"
2023-09-25 * "Assets:CurrentAssets:Bank:KpayBank" "Invoice Payment for Invoice #659 #01da7a59-1651-4bb8-a102-679d19c587e6"
  Assets:CurrentAssets:Bank:KpayBank 3300.00 HKD
  type: "Invoice Payment"
  sourceId: "01da7a59-1651-4bb8-a102-679d19c587e6"
  referenceNo: "659"
  orderId: "7ece9f19-81c9-48f9-8eb3-6f07646de16f"
  Assets:CurrentAssets:AccountReceivable -3300.00 HKD
  type: "Invoice Payment"
  sourceId: "01da7a59-1651-4bb8-a102-679d19c587e6"
  referenceNo: "659"
  orderId: "7ece9f19-81c9-48f9-8eb3-6f07646de16f"
  contact: "880 802 (Walkin) [42348712-7daa-4c29-93b7-756b472429a4]"
2023-09-25 * "Bill #764 INV#407 GIA PURCHASE, NO.111872"
  referenceNo: "764"
  orderId: "2fdda789-5ede-4070-8853-11bffc3e3193"
  type: "Bill"
  Expenses:CostOfSales:Purchase:PurchaseItem:BuyDiamond 5760.00 USD
  category: "Natural Diamond"
  sku: "7471407053"
  qty: 1
  referenceNo: "764"
  orderId: "2fdda789-5ede-4070-8853-11bffc3e3193"
  type: "Bill Item"
  sourceId: "31e0e54d-e0f2-4f62-aa4c-6722d4ac29ac"
  Liabilities:CurrentLiabilities:AccountPayable
  referenceNo: "764"
  orderId: "2fdda789-5ede-4070-8853-11bffc3e3193"
  type: "Bill"
  sourceId: "2fdda789-5ede-4070-8853-11bffc3e3193"
  contact: "998 12345775 (VED-VENIDIAMLTD) [af11cd82-725d-4855-83d7-d2ed50d9fa56]"
2023-09-25 * "Invoice #664 AA39290"
  Income:Sales:SalesItem:SellGoldJewelry -999.00 HKD
  category: "Gold Jewelry"
  sku: "DDFF2305120A000000000026"
  qty: 1
  referenceNo: "664"
  orderId: "d3d12c91-e3eb-46fb-ab3d-6846fb24c2f4"
  type: "Invoice Item"
  sourceId: "22a207a4-9263-4b1c-b30d-67fdf3ae651f"
  Income:Sales:SalesItem:SellGoldJewelry -1900.00 HKD
  category: "Gold Jewelry"
  sku: "DDFF2305170A000000000008"
  qty: 1
  referenceNo: "664"
  orderId: "d3d12c91-e3eb-46fb-ab3d-6846fb24c2f4"
  type: "Invoice Item"
  sourceId: "00e51f83-fdf4-4e2d-b9e6-7b39b70f50cc"
  Income:Sales:SalesItem:SellGoldJewelry -3900.00 HKD
  category: "Gold Jewelry"
  sku: "DDFF2305170A000000000009"
  qty: 1
  referenceNo: "664"
  orderId: "d3d12c91-e3eb-46fb-ab3d-6846fb24c2f4"
  type: "Invoice Item"
  sourceId: "7af6b8a5-6d4c-4fb8-9d76-5aa74ce65236"
  Assets:CurrentAssets:AccountReceivable
  referenceNo: "664"
  orderId: "d3d12c91-e3eb-46fb-ab3d-6846fb24c2f4"
  type: "Invoice"
  sourceId: "d3d12c91-e3eb-46fb-ab3d-6846fb24c2f4"
  contact: "880 802 (Walkin) [42348712-7daa-4c29-93b7-756b472429a4]"
2023-09-25 * "Invoice #284 "
  Income:Sales:SalesItem:Sell18kJewelry -4800.00 HKD
  category: "Ring Setting"
  sku: "DDFFFFFF0B00000000000080"
  qty: 1
  referenceNo: "284"
  orderId: "9e7a9c6c-017e-4c48-945a-60370224fe89"
  type: "Invoice Item"
  sourceId: "415f79c8-27e2-4cfa-b559-2e1ae5758759"
  Income:Sales:SalesItem:SellDiamond -50200.00 HKD
  category: "Natural Diamond"
  sku: "7471407053"
  qty: 1
  referenceNo: "284"
  orderId: "9e7a9c6c-017e-4c48-945a-60370224fe89"
  type: "Invoice Item"
  sourceId: "e9ce4afc-6520-4185-abe7-0f4018adc871"
  Assets:CurrentAssets:AccountReceivable
  referenceNo: "284"
  orderId: "9e7a9c6c-017e-4c48-945a-60370224fe89"
  type: "Invoice"
  sourceId: "9e7a9c6c-017e-4c48-945a-60370224fe89"
  contact: "852 93288888 (施總) [e76a796e-7758-43a9-a851-0f765ce22fe7]"
2023-09-25 * "Assets:CurrentAssets:Bank:KpayBank" "Invoice Payment for Invoice #664 #94791c88-3ea5-4b21-8641-45d132e815f7"
  Assets:CurrentAssets:Bank:KpayBank 6799.00 HKD
  type: "Invoice Payment"
  sourceId: "94791c88-3ea5-4b21-8641-45d132e815f7"
  referenceNo: "664"
  orderId: "d3d12c91-e3eb-46fb-ab3d-6846fb24c2f4"
  Assets:CurrentAssets:AccountReceivable -6799.00 HKD
  type: "Invoice Payment"
  sourceId: "94791c88-3ea5-4b21-8641-45d132e815f7"
  referenceNo: "664"
  orderId: "d3d12c91-e3eb-46fb-ab3d-6846fb24c2f4"
  contact: "880 802 (Walkin) [42348712-7daa-4c29-93b7-756b472429a4]"
2023-09-25 * "Bill #765 INV#407 鑲石改圈, NO.01561"
  referenceNo: "765"
  orderId: "870a70e4-913a-4283-8d91-d496a010cf6c"
  type: "Bill"
  Expenses:CostOfSales:Purchase:PurchaseItem:BuyCost-ProcessingFee 600.00 HKD
  qty: "1"
  description: "S0082 DAY CLASSICAL ENGAGEMENT RING SETTING WITH GIA 6442022986 CHANGE SIZE: #13.5  TO #11   "
  referenceNo: "765"
  orderId: "870a70e4-913a-4283-8d91-d496a010cf6c"
  type: "Bill Item"
  sourceId: "448be75f-b128-4265-b9f2-c7cced3db23c"
  Liabilities:CurrentLiabilities:AccountPayable
  referenceNo: "765"
  orderId: "870a70e4-913a-4283-8d91-d496a010cf6c"
  type: "Bill"
  sourceId: "870a70e4-913a-4283-8d91-d496a010cf6c"
  contact: "852 96221974 (強哥首飾加工師傅) [cef6a8eb-0892-4a7c-bfdc-328752af4fd5]"
2023-09-25 * "Bill #766 (無返貨) 補貨 S0081 / S0065"
  referenceNo: "766"
  orderId: "87861b8e-1f38-4dc5-83d1-054a91729c8b"
  type: "Bill"
  Expenses:OtherExpenses:LostOrDamagedGoods 0.00 HKD
  qty: "1"
  description: "S0065 SIZE: 14
FRS03ST80162"
  referenceNo: "766"
  orderId: "87861b8e-1f38-4dc5-83d1-054a91729c8b"
  type: "Bill Item"
  sourceId: "8511baf8-9b03-4894-9376-099377221dce"
  Expenses:OtherExpenses:LostOrDamagedGoods 0.00 HKD
  qty: "1"
  description: "S0081 SIZE: 14 
FRS03ST80347"
  referenceNo: "766"
  orderId: "87861b8e-1f38-4dc5-83d1-054a91729c8b"
  type: "Bill Item"
  sourceId: "0792ef98-0466-4df6-9a8c-8a9036217aef"
  Liabilities:CurrentLiabilities:AccountPayable
  referenceNo: "766"
  orderId: "87861b8e-1f38-4dc5-83d1-054a91729c8b"
  type: "Bill"
  sourceId: "87861b8e-1f38-4dc5-83d1-054a91729c8b"
  contact: "998 12345767 (SkyHighHoldingsGroupLtd) [efdca012-5d6e-4361-8ec7-f5566615d58a]"
2023-09-26 * "Bill #1254 Bank Fee"
  referenceNo: "1254"
  orderId: "39ea8a50-248c-43f4-9c73-e9eb61cb1242"
  type: "Bill"
  Expenses:GeneralExpense:BankFeesExpense 55.00 HKD
  qty: "1"
  description: "Bank Fee"
  referenceNo: "1254"
  orderId: "39ea8a50-248c-43f4-9c73-e9eb61cb1242"
  type: "Bill Item"
  sourceId: "6c2b1724-bc32-4c40-8c46-7f8b33eeb624"
  Liabilities:CurrentLiabilities:AccountPayable
  referenceNo: "1254"
  orderId: "39ea8a50-248c-43f4-9c73-e9eb61cb1242"
  type: "Bill"
  sourceId: "39ea8a50-248c-43f4-9c73-e9eb61cb1242"
  contact: "880 806 () [53b8789a-4451-4a1f-84f7-a9c5da7ada1a]"
2023-09-26 * "880 806 () [53b8789a-4451-4a1f-84f7-a9c5da7ada1a]" "Bill Payment for Bill #1254 #12ed7542-cde6-4c6b-8a13-142b268963ad"
  Liabilities:CurrentLiabilities:AccountPayable 55.00 HKD
  contact: "880 806 () [53b8789a-4451-4a1f-84f7-a9c5da7ada1a]"
  type: "Bill Payment"
  sourceId: "12ed7542-cde6-4c6b-8a13-142b268963ad"
  referenceNo: "1254"
  orderId: "39ea8a50-248c-43f4-9c73-e9eb61cb1242"
  Assets:CurrentAssets:Bank:BocSavingBank -55.00 HKD
  type: "Bill Payment"
  sourceId: "12ed7542-cde6-4c6b-8a13-142b268963ad"
  referenceNo: "1254"
  orderId: "39ea8a50-248c-43f4-9c73-e9eb61cb1242"
2023-09-26 * "Invoice #693 "
  Income:Sales:SalesItem:SellGoldJewelry -3420.00 HKD
  category: "Gold Jewelry"
  sku: "DDFF23051703000000000047"
  qty: 1
  referenceNo: "693"
  orderId: "1a9a0c69-cc29-490d-b2c7-43fe654f8467"
  type: "Invoice Item"
  sourceId: "9ae7f6fa-855d-4707-8888-694d02a01fe0"
  Assets:CurrentAssets:AccountReceivable
  referenceNo: "693"
  orderId: "1a9a0c69-cc29-490d-b2c7-43fe654f8467"
  type: "Invoice"
  sourceId: "1a9a0c69-cc29-490d-b2c7-43fe654f8467"
  contact: "880 802 (Walkin) [42348712-7daa-4c29-93b7-756b472429a4]"
2023-09-26 * "Invoice #287 AA39291"
  Income:Sales:SalesItem:SellGoldJewelry -6800.00 HKD
  category: "Gold Jewelry"
  sku: "DDFF23051203000000000014"
  qty: 1
  referenceNo: "287"
  orderId: "5bba2931-36a0-4721-b1d1-d1d33c936ec1"
  type: "Invoice Item"
  sourceId: "182608c1-f15f-4be4-882d-7194aa7fbdb4"
  Assets:CurrentAssets:AccountReceivable
  referenceNo: "287"
  orderId: "5bba2931-36a0-4721-b1d1-d1d33c936ec1"
  type: "Invoice"
  sourceId: "5bba2931-36a0-4721-b1d1-d1d33c936ec1"
  contact: "880 802 (Walkin) [42348712-7daa-4c29-93b7-756b472429a4]"
2023-09-26 * "Assets:CurrentAssets:Bank:KpayBank" "Invoice Payment for Invoice #693 #fff41217-79ec-4b49-8e13-ddc117b7bb3d"
  Assets:CurrentAssets:Bank:KpayBank 3420.00 HKD
  type: "Invoice Payment"
  sourceId: "fff41217-79ec-4b49-8e13-ddc117b7bb3d"
  referenceNo: "693"
  orderId: "1a9a0c69-cc29-490d-b2c7-43fe654f8467"
  Assets:CurrentAssets:AccountReceivable -3420.00 HKD
  type: "Invoice Payment"
  sourceId: "fff41217-79ec-4b49-8e13-ddc117b7bb3d"
  referenceNo: "693"
  orderId: "1a9a0c69-cc29-490d-b2c7-43fe654f8467"
  contact: "880 802 (Walkin) [42348712-7daa-4c29-93b7-756b472429a4]"
2023-09-26 * "Assets:CurrentAssets:Bank:KpayBank" "Invoice Payment for Invoice #287 #c214654a-7c72-4a44-ba54-6e45e0927e43"
  Assets:CurrentAssets:Bank:KpayBank 6800.00 HKD
  type: "Invoice Payment"
  sourceId: "c214654a-7c72-4a44-ba54-6e45e0927e43"
  referenceNo: "287"
  orderId: "5bba2931-36a0-4721-b1d1-d1d33c936ec1"
  Assets:CurrentAssets:AccountReceivable -6800.00 HKD
  type: "Invoice Payment"
  sourceId: "c214654a-7c72-4a44-ba54-6e45e0927e43"
  referenceNo: "287"
  orderId: "5bba2931-36a0-4721-b1d1-d1d33c936ec1"
  contact: "880 802 (Walkin) [42348712-7daa-4c29-93b7-756b472429a4]"
2023-09-26 * "998 12345775 (VED-VENIDIAMLTD) [af11cd82-725d-4855-83d7-d2ed50d9fa56]" "Bill Payment for Bill #764 #85369bf6-94f0-478c-8167-300a256b5881"
  Liabilities:CurrentLiabilities:AccountPayable 5760.00 USD
  contact: "998 12345775 (VED-VENIDIAMLTD) [af11cd82-725d-4855-83d7-d2ed50d9fa56]"
  type: "Bill Payment"
  sourceId: "85369bf6-94f0-478c-8167-300a256b5881"
  referenceNo: "764"
  orderId: "2fdda789-5ede-4070-8853-11bffc3e3193"
  Assets:CurrentAssets:Bank:BocSavingBank -5760.00 USD
  type: "Bill Payment"
  sourceId: "85369bf6-94f0-478c-8167-300a256b5881"
  referenceNo: "764"
  orderId: "2fdda789-5ede-4070-8853-11bffc3e3193"
2023-09-26 * "Invoice #691 AA39292"
  Income:Sales:SalesItem:SellGoldJewelry -620.00 HKD
  category: "Gold Jewelry"
  sku: "DDFF2305120A000000000037"
  qty: 1
  referenceNo: "691"
  orderId: "b06d34e5-541c-4e70-859f-2d3db9dcd776"
  type: "Invoice Item"
  sourceId: "afa30b4b-0ee3-4ee7-8c7b-9e7066d41b14"
  Assets:CurrentAssets:AccountReceivable
  referenceNo: "691"
  orderId: "b06d34e5-541c-4e70-859f-2d3db9dcd776"
  type: "Invoice"
  sourceId: "b06d34e5-541c-4e70-859f-2d3db9dcd776"
  contact: "852 51185819 (MS.EVALEUNG) [565d7bc1-aea6-4d09-af7c-51b176dc5b3b]"
2023-09-26 * "Assets:CurrentAssets:Bank:KpayBank" "Invoice Payment for Invoice #691 #6c6f4460-e8c5-41b0-bd01-8e1982eaca93"
  Assets:CurrentAssets:Bank:KpayBank 620.00 HKD
  type: "Invoice Payment"
  sourceId: "6c6f4460-e8c5-41b0-bd01-8e1982eaca93"
  referenceNo: "691"
  orderId: "b06d34e5-541c-4e70-859f-2d3db9dcd776"
  Assets:CurrentAssets:AccountReceivable -620.00 HKD
  type: "Invoice Payment"
  sourceId: "6c6f4460-e8c5-41b0-bd01-8e1982eaca93"
  referenceNo: "691"
  orderId: "b06d34e5-541c-4e70-859f-2d3db9dcd776"
  contact: "852 51185819 (MS.EVALEUNG) [565d7bc1-aea6-4d09-af7c-51b176dc5b3b]"
2023-09-26 * "852 96221974 (強哥首飾加工師傅) [cef6a8eb-0892-4a7c-bfdc-328752af4fd5]" "Bill Payment for Bill #765 #9609b41e-7380-44e4-acf0-0f1920d0b7e3"
  Liabilities:CurrentLiabilities:AccountPayable 600.00 HKD
  contact: "852 96221974 (強哥首飾加工師傅) [cef6a8eb-0892-4a7c-bfdc-328752af4fd5]"
  type: "Bill Payment"
  sourceId: "9609b41e-7380-44e4-acf0-0f1920d0b7e3"
  referenceNo: "765"
  orderId: "870a70e4-913a-4283-8d91-d496a010cf6c"
  Assets:CurrentAssets:Cash:CashInHand -600.00 HKD
  type: "Bill Payment"
  sourceId: "9609b41e-7380-44e4-acf0-0f1920d0b7e3"
  referenceNo: "765"
  orderId: "870a70e4-913a-4283-8d91-d496a010cf6c"
2023-09-27 * "Bill #1269 kpay093"
  referenceNo: "1269"
  orderId: "216455a1-c0a4-4087-97c8-05459e4784bd"
  type: "Bill"
  Expenses:GeneralExpense:CardFeeExpense 190.00 HKD
  qty: "1"
  description: "6300 - 6110 = 190"
  referenceNo: "1269"
  orderId: "216455a1-c0a4-4087-97c8-05459e4784bd"
  type: "Bill Item"
  sourceId: "28c17714-87a4-45d4-98bc-078d057c8e8e"
  Liabilities:CurrentLiabilities:AccountPayable
  referenceNo: "1269"
  orderId: "216455a1-c0a4-4087-97c8-05459e4784bd"
  type: "Bill"
  sourceId: "216455a1-c0a4-4087-97c8-05459e4784bd"
  contact: "998 12345821 (KPAY) [5a706f32-7edc-48d8-ae47-62fee1e8bba1]"
2023-09-27 * "Bill #1274 AE Credit Card payment (23年9月)"
  referenceNo: "1274"
  orderId: "2ddb0d40-1c69-4cb6-a410-23f7b4d2b239"
  type: "Bill"
  Expenses:GeneralExpense:Subscriptions 480.19 HKD
  qty: "1"
  description: "DUO.COM - usd 60"
  referenceNo: "1274"
  orderId: "2ddb0d40-1c69-4cb6-a410-23f7b4d2b239"
  type: "Bill Item"
  sourceId: "c4760ca8-b060-4339-8847-1a399fc60bd4"
  Expenses:GeneralExpense:AdvertisingAndBranding 7500.00 HKD
  qty: "1"
  description: "FACEBOOK AD -  8.27"
  referenceNo: "1274"
  orderId: "2ddb0d40-1c69-4cb6-a410-23f7b4d2b239"
  type: "Bill Item"
  sourceId: "1de44416-1771-4fe7-8dbd-684ab37fa19d"
  Expenses:GeneralExpense:AdvertisingAndBranding 273.81 HKD
  qty: "1"
  description: "FACEBOOK AD - 9.13"
  referenceNo: "1274"
  orderId: "2ddb0d40-1c69-4cb6-a410-23f7b4d2b239"
  type: "Bill Item"
  sourceId: "f2d98c02-85c2-4053-a6dc-388887ffc13c"
  Expenses:GeneralExpense:AdvertisingAndBranding 7500.00 HKD
  qty: "1"
  description: "FACEBOOK AD - 9.13"
  referenceNo: "1274"
  orderId: "2ddb0d40-1c69-4cb6-a410-23f7b4d2b239"
  type: "Bill Item"
  sourceId: "60d24658-dde3-44e6-b4cc-b179a1f7f9c1"
  Expenses:GeneralExpense:AdvertisingAndBranding 400.00 HKD
  qty: "1"
  description: "FACEBOOK AD - 9.14"
  referenceNo: "1274"
  orderId: "2ddb0d40-1c69-4cb6-a410-23f7b4d2b239"
  type: "Bill Item"
  sourceId: "fd452892-c71e-40bf-8f5f-8e2046148f2e"
  Expenses:GeneralExpense:AdvertisingAndBranding 600.00 HKD
  qty: "1"
  description: "FACEBOOK AD - 9.16"
  referenceNo: "1274"
  orderId: "2ddb0d40-1c69-4cb6-a410-23f7b4d2b239"
  type: "Bill Item"
  sourceId: "cbaf06b5-e17b-4177-b06d-078ccb215b84"
  Expenses:GeneralExpense:AdvertisingAndBranding 760.31 HKD
  qty: "1"
  description: "CRISP - USD 95"
  referenceNo: "1274"
  orderId: "2ddb0d40-1c69-4cb6-a410-23f7b4d2b239"
  type: "Bill Item"
  sourceId: "1468dc74-6f24-4927-884b-07cdd5ea3dfe"
  Liabilities:CurrentLiabilities:AccountPayable
  referenceNo: "1274"
  orderId: "2ddb0d40-1c69-4cb6-a410-23f7b4d2b239"
  type: "Bill"
  sourceId: "2ddb0d40-1c69-4cb6-a410-23f7b4d2b239"
  contact: "880 806 () [53b8789a-4451-4a1f-84f7-a9c5da7ada1a]"
2023-09-27 * "Bill #1247 kpay095"
  referenceNo: "1247"
  orderId: "073c621a-d852-47a3-846d-66ad962a59cc"
  type: "Bill"
  Expenses:GeneralExpense:CardFeeExpense 287.32 HKD
  qty: "1"
  description: "23860 - 23572.68 = 287.32"
  referenceNo: "1247"
  orderId: "073c621a-d852-47a3-846d-66ad962a59cc"
  type: "Bill Item"
  sourceId: "86dff52c-2a13-4b7d-b799-007a5327c78b"
  Liabilities:CurrentLiabilities:AccountPayable
  referenceNo: "1247"
  orderId: "073c621a-d852-47a3-846d-66ad962a59cc"
  type: "Bill"
  sourceId: "073c621a-d852-47a3-846d-66ad962a59cc"
  contact: "998 12345821 (KPAY) [5a706f32-7edc-48d8-ae47-62fee1e8bba1]"
2023-09-27 * "Bill #1270 kpay094"
  referenceNo: "1270"
  orderId: "aad9c374-7f59-47af-8aa1-90e715d7ae23"
  type: "Bill"
  Expenses:GeneralExpense:CardFeeExpense 70.60 HKD
  qty: "1"
  description: "5800 - 5729.4 = 70.6"
  referenceNo: "1270"
  orderId: "aad9c374-7f59-47af-8aa1-90e715d7ae23"
  type: "Bill Item"
  sourceId: "37f048aa-01e8-4416-a972-eb590afe4e0d"
  Liabilities:CurrentLiabilities:AccountPayable
  referenceNo: "1270"
  orderId: "aad9c374-7f59-47af-8aa1-90e715d7ae23"
  type: "Bill"
  sourceId: "aad9c374-7f59-47af-8aa1-90e715d7ae23"
  contact: "998 12345821 (KPAY) [5a706f32-7edc-48d8-ae47-62fee1e8bba1]"
2023-09-27 * "Bill #1249 G17上網(2023-10月)"
  referenceNo: "1249"
  orderId: "7661110a-244a-4d2a-84b4-bbede7f3d705"
  type: "Bill"
  Expenses:GeneralExpense:TelephoneAndInternetAndAlarm 338.00 HKD
  qty: "1"
  description: "G17上網(2023-10月)"
  referenceNo: "1249"
  orderId: "7661110a-244a-4d2a-84b4-bbede7f3d705"
  type: "Bill Item"
  sourceId: "85c03bc9-de79-47ce-bf5a-782ef6b487fe"
  Liabilities:CurrentLiabilities:AccountPayable
  referenceNo: "1249"
  orderId: "7661110a-244a-4d2a-84b4-bbede7f3d705"
  type: "Bill"
  sourceId: "7661110a-244a-4d2a-84b4-bbede7f3d705"
  contact: "880 806 () [53b8789a-4451-4a1f-84f7-a9c5da7ada1a]"
2023-09-27 * "880 806 () [53b8789a-4451-4a1f-84f7-a9c5da7ada1a]" "Bill Payment for Bill #1249 #b54105e3-6100-4a7b-ae36-368261f926c4"
  Liabilities:CurrentLiabilities:AccountPayable 338.00 HKD
  contact: "880 806 () [53b8789a-4451-4a1f-84f7-a9c5da7ada1a]"
  type: "Bill Payment"
  sourceId: "b54105e3-6100-4a7b-ae36-368261f926c4"
  referenceNo: "1249"
  orderId: "7661110a-244a-4d2a-84b4-bbede7f3d705"
  Liabilities:CurrentLiabilities:CurrentAccount:C-a-MilrichElectronicsHkCoLtd -338.00 HKD
  type: "Bill Payment"
  sourceId: "b54105e3-6100-4a7b-ae36-368261f926c4"
  referenceNo: "1249"
  orderId: "7661110a-244a-4d2a-84b4-bbede7f3d705"
2023-09-27 * "998 12345821 (KPAY) [5a706f32-7edc-48d8-ae47-62fee1e8bba1]" "Bill Payment for Bill #1269 #26ead916-0362-48f6-9cbc-651d3672a912"
  Liabilities:CurrentLiabilities:AccountPayable 190.00 HKD
  contact: "998 12345821 (KPAY) [5a706f32-7edc-48d8-ae47-62fee1e8bba1]"
  type: "Bill Payment"
  sourceId: "26ead916-0362-48f6-9cbc-651d3672a912"
  referenceNo: "1269"
  orderId: "216455a1-c0a4-4087-97c8-05459e4784bd"
  Assets:CurrentAssets:Bank:KpayBank -190.00 HKD
  type: "Bill Payment"
  sourceId: "26ead916-0362-48f6-9cbc-651d3672a912"
  referenceNo: "1269"
  orderId: "216455a1-c0a4-4087-97c8-05459e4784bd"
2023-09-27 * "998 12345821 (KPAY) [5a706f32-7edc-48d8-ae47-62fee1e8bba1]" "Bill Payment for Bill #1270 #f66fde75-da40-42eb-bf2b-3ed8a10ecbbd"
  Liabilities:CurrentLiabilities:AccountPayable 70.60 HKD
  contact: "998 12345821 (KPAY) [5a706f32-7edc-48d8-ae47-62fee1e8bba1]"
  type: "Bill Payment"
  sourceId: "f66fde75-da40-42eb-bf2b-3ed8a10ecbbd"
  referenceNo: "1270"
  orderId: "aad9c374-7f59-47af-8aa1-90e715d7ae23"
  Assets:CurrentAssets:Bank:KpayBank -70.60 HKD
  type: "Bill Payment"
  sourceId: "f66fde75-da40-42eb-bf2b-3ed8a10ecbbd"
  referenceNo: "1270"
  orderId: "aad9c374-7f59-47af-8aa1-90e715d7ae23"
2023-09-27 * "998 12345821 (KPAY) [5a706f32-7edc-48d8-ae47-62fee1e8bba1]" "Bill Payment for Bill #1247 #e5497f3e-5a6e-4af8-ad73-bf51f42c1ffe"
  Liabilities:CurrentLiabilities:AccountPayable 287.32 HKD
  contact: "998 12345821 (KPAY) [5a706f32-7edc-48d8-ae47-62fee1e8bba1]"
  type: "Bill Payment"
  sourceId: "e5497f3e-5a6e-4af8-ad73-bf51f42c1ffe"
  referenceNo: "1247"
  orderId: "073c621a-d852-47a3-846d-66ad962a59cc"
  Assets:CurrentAssets:Bank:KpayBank -287.32 HKD
  type: "Bill Payment"
  sourceId: "e5497f3e-5a6e-4af8-ad73-bf51f42c1ffe"
  referenceNo: "1247"
  orderId: "073c621a-d852-47a3-846d-66ad962a59cc"
2023-09-27 * "880 806 () [53b8789a-4451-4a1f-84f7-a9c5da7ada1a]" "Bill Payment for Bill #1274 #c1582167-7367-442d-ab3c-af6c99ea3b39"
  Liabilities:CurrentLiabilities:AccountPayable 17514.31 HKD
  contact: "880 806 () [53b8789a-4451-4a1f-84f7-a9c5da7ada1a]"
  type: "Bill Payment"
  sourceId: "c1582167-7367-442d-ab3c-af6c99ea3b39"
  referenceNo: "1274"
  orderId: "2ddb0d40-1c69-4cb6-a410-23f7b4d2b239"
  Assets:CurrentAssets:Bank:BocSavingBank -17514.31 HKD
  type: "Bill Payment"
  sourceId: "c1582167-7367-442d-ab3c-af6c99ea3b39"
  referenceNo: "1274"
  orderId: "2ddb0d40-1c69-4cb6-a410-23f7b4d2b239"
2023-09-27 * "Assets:CurrentAssets:Cash:CashInHand" "Invoice Payment for Invoice #284 #d59313ad-ffc4-4c4a-a125-93f736d99833"
  Assets:CurrentAssets:Cash:CashInHand 55000.00 HKD
  type: "Invoice Payment"
  sourceId: "d59313ad-ffc4-4c4a-a125-93f736d99833"
  referenceNo: "284"
  orderId: "9e7a9c6c-017e-4c48-945a-60370224fe89"
  Assets:CurrentAssets:AccountReceivable -55000.00 HKD
  type: "Invoice Payment"
  sourceId: "d59313ad-ffc4-4c4a-a125-93f736d99833"
  referenceNo: "284"
  orderId: "9e7a9c6c-017e-4c48-945a-60370224fe89"
  contact: "852 93288888 (施總) [e76a796e-7758-43a9-a851-0f765ce22fe7]"
2023-09-27 * "Invoice #291 STAFF SALE"
  Income:Sales:SalesItem:SellGoldJewelry -11000.00 HKD
  category: "Gold Jewelry"
  sku: "DDFF23051204000000000045"
  qty: 1
  referenceNo: "291"
  orderId: "45ff6cbc-63c3-4575-97b9-6929e915774b"
  type: "Invoice Item"
  sourceId: "807865ea-cc45-424d-8e7f-c59b91e811c2"
  Income:Sales:SalesItem:SellGoldJewelry -2800.00 HKD
  category: "Gold Jewelry"
  sku: "DDFF23051704000000000032"
  qty: 1
  referenceNo: "291"
  orderId: "45ff6cbc-63c3-4575-97b9-6929e915774b"
  type: "Invoice Item"
  sourceId: "8c25f093-d615-4258-bf40-4ba2d874cd29"
  Income:Sales:SalesItem:SellGoldJewelry -3000.00 HKD
  category: "Gold Jewelry"
  sku: "DDFF23051704000000000008"
  qty: 1
  referenceNo: "291"
  orderId: "45ff6cbc-63c3-4575-97b9-6929e915774b"
  type: "Invoice Item"
  sourceId: "82afa38e-e9c2-4525-aa18-cf4fcd416f00"
  Assets:CurrentAssets:AccountReceivable
  referenceNo: "291"
  orderId: "45ff6cbc-63c3-4575-97b9-6929e915774b"
  type: "Invoice"
  sourceId: "45ff6cbc-63c3-4575-97b9-6929e915774b"
  contact: "998 12345751 (SALES#0003ELMA) [28639a2d-ee79-48b0-96d2-4f5df20780ae]"
2023-09-27 * "Invoice #292 ELMA FRIEND"
  Income:Sales:SalesItem:SellGoldJewelry -12920.00 HKD
  category: "Gold Jewelry"
  sku: "DDFF23051903000000000010"
  qty: 1
  referenceNo: "292"
  orderId: "402fe42c-95c4-4ec5-804a-2a788383b09e"
  type: "Invoice Item"
  sourceId: "3bffc8b5-f9d4-4f66-8910-aa1a33138bf1"
  Assets:CurrentAssets:AccountReceivable
  referenceNo: "292"
  orderId: "402fe42c-95c4-4ec5-804a-2a788383b09e"
  type: "Invoice"
  sourceId: "402fe42c-95c4-4ec5-804a-2a788383b09e"
  contact: "998 12345751 (SALES#0003ELMA) [28639a2d-ee79-48b0-96d2-4f5df20780ae]"
2023-09-28 * "Bill #787 TVP AUDIT FEE"
  referenceNo: "787"
  orderId: "f0127419-ee91-482f-88c1-2f00a1ce7fb3"
  type: "Bill"
  Expenses:GeneralExpense:AuditFee 3000.00 HKD
  qty: "1"
  description: "TVP AUDIT FEE"
  referenceNo: "787"
  orderId: "f0127419-ee91-482f-88c1-2f00a1ce7fb3"
  type: "Bill Item"
  sourceId: "5e28c0ba-fa95-4890-aa2e-0f569a88ace3"
  Liabilities:CurrentLiabilities:AccountPayable
  referenceNo: "787"
  orderId: "f0127419-ee91-482f-88c1-2f00a1ce7fb3"
  type: "Bill"
  sourceId: "f0127419-ee91-482f-88c1-2f00a1ce7fb3"
  contact: "880 806 () [53b8789a-4451-4a1f-84f7-a9c5da7ada1a]"
2023-09-28 * "Bill #797 Bank Fee"
  referenceNo: "797"
  orderId: "ad5195e9-e929-4916-a0cb-16f4d61aa0d7"
  type: "Bill"
  Expenses:GeneralExpense:BankFeesExpense 25.00 HKD
  qty: "1"
  description: "Bank Fee"
  referenceNo: "797"
  orderId: "ad5195e9-e929-4916-a0cb-16f4d61aa0d7"
  type: "Bill Item"
  sourceId: "68874dc5-2d7f-4d23-844c-23944f0c6e47"
  Liabilities:CurrentLiabilities:AccountPayable
  referenceNo: "797"
  orderId: "ad5195e9-e929-4916-a0cb-16f4d61aa0d7"
  type: "Bill"
  sourceId: "ad5195e9-e929-4916-a0cb-16f4d61aa0d7"
  contact: "880 806 () [53b8789a-4451-4a1f-84f7-a9c5da7ada1a]"
2023-09-28 * "Bill #789 kpay096"
  referenceNo: "789"
  orderId: "90ca8cd8-0cf9-4015-acd2-3df5f0027f52"
  type: "Bill"
  Expenses:GeneralExpense:CardFeeExpense 348.85 HKD
  qty: "1"
  description: "13839 - 13490.15 = 348.85"
  referenceNo: "789"
  orderId: "90ca8cd8-0cf9-4015-acd2-3df5f0027f52"
  type: "Bill Item"
  sourceId: "75a62887-7033-4e78-ab33-7575ecbba9fc"
  Liabilities:CurrentLiabilities:AccountPayable
  referenceNo: "789"
  orderId: "90ca8cd8-0cf9-4015-acd2-3df5f0027f52"
  type: "Bill"
  sourceId: "90ca8cd8-0cf9-4015-acd2-3df5f0027f52"
  contact: "998 12345821 (KPAY) [5a706f32-7edc-48d8-ae47-62fee1e8bba1]"
2023-09-28 * "880 806 () [53b8789a-4451-4a1f-84f7-a9c5da7ada1a]" "Bill Payment for Bill #797 #1f4df505-cab4-4d87-a55a-15278ddd0944"
  Liabilities:CurrentLiabilities:AccountPayable 25.00 HKD
  contact: "880 806 () [53b8789a-4451-4a1f-84f7-a9c5da7ada1a]"
  type: "Bill Payment"
  sourceId: "1f4df505-cab4-4d87-a55a-15278ddd0944"
  referenceNo: "797"
  orderId: "ad5195e9-e929-4916-a0cb-16f4d61aa0d7"
  Assets:CurrentAssets:Bank:BocSavingBank -25.00 HKD
  type: "Bill Payment"
  sourceId: "1f4df505-cab4-4d87-a55a-15278ddd0944"
  referenceNo: "797"
  orderId: "ad5195e9-e929-4916-a0cb-16f4d61aa0d7"
2023-09-28 * "880 806 () [53b8789a-4451-4a1f-84f7-a9c5da7ada1a]" "Bill Payment for Bill #787 #e2e2dc6a-e8eb-4612-b79f-4577a013f591"
  Liabilities:CurrentLiabilities:AccountPayable 3000.00 HKD
  contact: "880 806 () [53b8789a-4451-4a1f-84f7-a9c5da7ada1a]"
  type: "Bill Payment"
  sourceId: "e2e2dc6a-e8eb-4612-b79f-4577a013f591"
  referenceNo: "787"
  orderId: "f0127419-ee91-482f-88c1-2f00a1ce7fb3"
  Assets:CurrentAssets:Bank:BocSavingBank -3000.00 HKD
  type: "Bill Payment"
  sourceId: "e2e2dc6a-e8eb-4612-b79f-4577a013f591"
  referenceNo: "787"
  orderId: "f0127419-ee91-482f-88c1-2f00a1ce7fb3"
2023-09-28 * "998 12345821 (KPAY) [5a706f32-7edc-48d8-ae47-62fee1e8bba1]" "Bill Payment for Bill #789 #5df7fbc7-2fd6-4255-8938-c8cc9aea0625"
  Liabilities:CurrentLiabilities:AccountPayable 348.85 HKD
  contact: "998 12345821 (KPAY) [5a706f32-7edc-48d8-ae47-62fee1e8bba1]"
  type: "Bill Payment"
  sourceId: "5df7fbc7-2fd6-4255-8938-c8cc9aea0625"
  referenceNo: "789"
  orderId: "90ca8cd8-0cf9-4015-acd2-3df5f0027f52"
  Assets:CurrentAssets:Bank:KpayBank -348.85 HKD
  type: "Bill Payment"
  sourceId: "5df7fbc7-2fd6-4255-8938-c8cc9aea0625"
  referenceNo: "789"
  orderId: "90ca8cd8-0cf9-4015-acd2-3df5f0027f52"
2023-09-28 * "Assets:CurrentAssets:Bank:BocSavingBank" "Invoice Payment for Invoice #292 #e5717787-de3e-4240-8799-3ee6c42d7b77"
  Assets:CurrentAssets:Bank:BocSavingBank 12920.00 HKD
  type: "Invoice Payment"
  sourceId: "e5717787-de3e-4240-8799-3ee6c42d7b77"
  referenceNo: "292"
  orderId: "402fe42c-95c4-4ec5-804a-2a788383b09e"
  Assets:CurrentAssets:AccountReceivable -12920.00 HKD
  type: "Invoice Payment"
  sourceId: "e5717787-de3e-4240-8799-3ee6c42d7b77"
  referenceNo: "292"
  orderId: "402fe42c-95c4-4ec5-804a-2a788383b09e"
  contact: "998 12345751 (SALES#0003ELMA) [28639a2d-ee79-48b0-96d2-4f5df20780ae]"
2023-09-29 * "Bill #800 kpay097"
  referenceNo: "800"
  orderId: "4e539c5b-391d-48d7-864f-87b76b573120"
  type: "Bill"
  Expenses:GeneralExpense:CardFeeExpense 153.34 HKD
  qty: "1"
  description: "10840 - 10686.66 = 153.34"
  referenceNo: "800"
  orderId: "4e539c5b-391d-48d7-864f-87b76b573120"
  type: "Bill Item"
  sourceId: "80cdde17-bdd6-427b-9bbb-5c8e39709442"
  Liabilities:CurrentLiabilities:AccountPayable
  referenceNo: "800"
  orderId: "4e539c5b-391d-48d7-864f-87b76b573120"
  type: "Bill"
  sourceId: "4e539c5b-391d-48d7-864f-87b76b573120"
  contact: "998 12345821 (KPAY) [5a706f32-7edc-48d8-ae47-62fee1e8bba1]"
2023-09-29 * "998 12345821 (KPAY) [5a706f32-7edc-48d8-ae47-62fee1e8bba1]" "Bill Payment for Bill #800 #ba6f358e-280c-4b45-9874-311711ff06e8"
  Liabilities:CurrentLiabilities:AccountPayable 153.34 HKD
  contact: "998 12345821 (KPAY) [5a706f32-7edc-48d8-ae47-62fee1e8bba1]"
  type: "Bill Payment"
  sourceId: "ba6f358e-280c-4b45-9874-311711ff06e8"
  referenceNo: "800"
  orderId: "4e539c5b-391d-48d7-864f-87b76b573120"
  Assets:CurrentAssets:Bank:KpayBank -153.34 HKD
  type: "Bill Payment"
  sourceId: "ba6f358e-280c-4b45-9874-311711ff06e8"
  referenceNo: "800"
  orderId: "4e539c5b-391d-48d7-864f-87b76b573120"
2023-09-29 * "Bill #788 SALARY 23年9月"
  referenceNo: "788"
  orderId: "53fa502b-da60-4e72-8422-6bceee9605e4"
  type: "Bill"
  Expenses:GeneralExpense:WagesAndSalaries 54150.00 HKD
  qty: "1"
  description: "SALARY 23年9月"
  referenceNo: "788"
  orderId: "53fa502b-da60-4e72-8422-6bceee9605e4"
  type: "Bill Item"
  sourceId: "08b73562-1f50-401f-b4f0-0eb6d20e0622"
  Liabilities:CurrentLiabilities:AccountPayable
  referenceNo: "788"
  orderId: "53fa502b-da60-4e72-8422-6bceee9605e4"
  type: "Bill"
  sourceId: "53fa502b-da60-4e72-8422-6bceee9605e4"
  contact: "880 806 () [53b8789a-4451-4a1f-84f7-a9c5da7ada1a]"
2023-09-29 * "880 806 () [53b8789a-4451-4a1f-84f7-a9c5da7ada1a]" "Bill Payment for Bill #788 #a3f25048-1be6-4020-94e4-a3db292dffbd"
  Liabilities:CurrentLiabilities:AccountPayable 54150.00 HKD
  contact: "880 806 () [53b8789a-4451-4a1f-84f7-a9c5da7ada1a]"
  type: "Bill Payment"
  sourceId: "a3f25048-1be6-4020-94e4-a3db292dffbd"
  referenceNo: "788"
  orderId: "53fa502b-da60-4e72-8422-6bceee9605e4"
  Assets:CurrentAssets:Bank:BocSavingBank -54150.00 HKD
  type: "Bill Payment"
  sourceId: "a3f25048-1be6-4020-94e4-a3db292dffbd"
  referenceNo: "788"
  orderId: "53fa502b-da60-4e72-8422-6bceee9605e4"
2023-09-30 * "Invoice #692 BANK INTEREST"
  Income:OtherIncome:Interest-bank -38.50 HKD
  description: "BANK INTEREST"
  qty: 1
  referenceNo: "692"
  orderId: "b61413ba-4955-490a-9c14-32602a05facd"
  type: "Invoice Item"
  sourceId: "a69593e6-9ff1-46ce-9431-a87763e43ba9"
  Assets:CurrentAssets:AccountReceivable
  referenceNo: "692"
  orderId: "b61413ba-4955-490a-9c14-32602a05facd"
  type: "Invoice"
  sourceId: "b61413ba-4955-490a-9c14-32602a05facd"
  contact: "998 12345835 (boc(bankofchina)) [82f385a7-d238-4826-9a12-e06648f93cdb]"
2023-09-30 * "Assets:CurrentAssets:Bank:BocSavingBank" "Invoice Payment for Invoice #692 #4aa938b9-f920-4d2c-b7e6-9bea1a06611c"
  Assets:CurrentAssets:Bank:BocSavingBank 38.50 HKD
  type: "Invoice Payment"
  sourceId: "4aa938b9-f920-4d2c-b7e6-9bea1a06611c"
  referenceNo: "692"
  orderId: "b61413ba-4955-490a-9c14-32602a05facd"
  Assets:CurrentAssets:AccountReceivable -38.50 HKD
  type: "Invoice Payment"
  sourceId: "4aa938b9-f920-4d2c-b7e6-9bea1a06611c"
  referenceNo: "692"
  orderId: "b61413ba-4955-490a-9c14-32602a05facd"
  contact: "998 12345835 (boc(bankofchina)) [82f385a7-d238-4826-9a12-e06648f93cdb]"
2023-09-30 * "Invoice #655 STAFF SALE"
  Income:Sales:SalesItem:SellGoldJewelry -6000.00 HKD
  category: "Gold Jewelry"
  sku: "DDFF23051704000000000074"
  qty: 1
  referenceNo: "655"
  orderId: "9a5e0400-0b0f-4c28-bb08-1529d217b29c"
  type: "Invoice Item"
  sourceId: "ef0a0829-57fc-4e9d-8f51-6fabe0405519"
  Income:Sales:SalesItem:SellGoldJewelry -3300.00 HKD
  category: "Gold Jewelry"
  sku: "DDFF23051706000000000007"
  qty: 1
  referenceNo: "655"
  orderId: "9a5e0400-0b0f-4c28-bb08-1529d217b29c"
  type: "Invoice Item"
  sourceId: "8f5d1c73-b289-45a3-9255-91734a6f7963"
  Income:Sales:SalesItem:SellGoldJewelry -4500.00 HKD
  category: "Gold Jewelry"
  sku: "DDFF23051701000000000010"
  qty: 1
  referenceNo: "655"
  orderId: "9a5e0400-0b0f-4c28-bb08-1529d217b29c"
  type: "Invoice Item"
  sourceId: "1adb5223-788b-4f1b-87ab-198979967e5a"
  Income:Sales:SalesItem:SellGoldJewelry -10000.00 HKD
  category: "Gold Jewelry"
  sku: "DDFF23051703000000000003"
  qty: 1
  referenceNo: "655"
  orderId: "9a5e0400-0b0f-4c28-bb08-1529d217b29c"
  type: "Invoice Item"
  sourceId: "84bf6995-1322-44fa-83e5-0da80810147d"
  Assets:CurrentAssets:AccountReceivable
  referenceNo: "655"
  orderId: "9a5e0400-0b0f-4c28-bb08-1529d217b29c"
  type: "Invoice"
  sourceId: "9a5e0400-0b0f-4c28-bb08-1529d217b29c"
  contact: "998 12345755 (SALES#0007JUN) [b67880cd-ffa9-4685-aa8a-4a265b98b138]"
2023-09-30 * "Assets:CurrentAssets:Bank:BocSavingBank" "Invoice Payment for Invoice #655 #1d103c03-a81f-4d6e-bfee-26fbd5f7093e"
  Assets:CurrentAssets:Bank:BocSavingBank 23800.00 HKD
  type: "Invoice Payment"
  sourceId: "1d103c03-a81f-4d6e-bfee-26fbd5f7093e"
  referenceNo: "655"
  orderId: "9a5e0400-0b0f-4c28-bb08-1529d217b29c"
  Assets:CurrentAssets:AccountReceivable -23800.00 HKD
  type: "Invoice Payment"
  sourceId: "1d103c03-a81f-4d6e-bfee-26fbd5f7093e"
  referenceNo: "655"
  orderId: "9a5e0400-0b0f-4c28-bb08-1529d217b29c"
  contact: "998 12345755 (SALES#0007JUN) [b67880cd-ffa9-4685-aa8a-4a265b98b138]"