; ORDER transactions for 2023-05

2023-05-04 * "Bill #475 Google ADS7416995186"
  referenceNo: "475"
  orderId: "f6f18edb-f3d1-459b-809a-4fd2ea46edf8"
  type: "Bill"
  Expenses:GeneralExpense:AdvertisingAndBranding 1062.82 HKD
  qty: "1"
  description: "Google ADS7416995186"
  referenceNo: "475"
  orderId: "f6f18edb-f3d1-459b-809a-4fd2ea46edf8"
  type: "Bill Item"
  sourceId: "ad2e2303-e73a-44f4-9dc3-5c4850a5711e"
  Liabilities:CurrentLiabilities:AccountPayable
  referenceNo: "475"
  orderId: "f6f18edb-f3d1-459b-809a-4fd2ea46edf8"
  type: "Bill"
  sourceId: "f6f18edb-f3d1-459b-809a-4fd2ea46edf8"
  contact: "880 806 () [53b8789a-4451-4a1f-84f7-a9c5da7ada1a]"
2023-05-04 * "Bill #468 OVERSEA TRANSACTION FEE"
  referenceNo: "468"
  orderId: "faba431b-014e-4c61-b2e6-266e291d1789"
  type: "Bill"
  Expenses:GeneralExpense:BankFeesExpense 8.50 HKD
  qty: "1"
  description: "OVERSEA TRANSACTION FEE"
  referenceNo: "468"
  orderId: "faba431b-014e-4c61-b2e6-266e291d1789"
  type: "Bill Item"
  sourceId: "1e94cb9d-02bd-4fe4-a988-8bacc1c31230"
  Liabilities:CurrentLiabilities:AccountPayable
  referenceNo: "468"
  orderId: "faba431b-014e-4c61-b2e6-266e291d1789"
  type: "Bill"
  sourceId: "faba431b-014e-4c61-b2e6-266e291d1789"
  contact: "998 12345835 (boc(bankofchina)) [82f385a7-d238-4826-9a12-e06648f93cdb]"
2023-05-04 * "998 12345835 (boc(bankofchina)) [82f385a7-d238-4826-9a12-e06648f93cdb]" "Bill Payment for Bill #468 #996c6a64-d499-47da-bdcf-2fc40b96e247"
  Liabilities:CurrentLiabilities:AccountPayable 8.50 HKD
  contact: "998 12345835 (boc(bankofchina)) [82f385a7-d238-4826-9a12-e06648f93cdb]"
  type: "Bill Payment"
  sourceId: "996c6a64-d499-47da-bdcf-2fc40b96e247"
  referenceNo: "468"
  orderId: "faba431b-014e-4c61-b2e6-266e291d1789"
  Assets:CurrentAssets:Bank:BocVisaCard-DavidBank -8.50 HKD
  type: "Bill Payment"
  sourceId: "996c6a64-d499-47da-bdcf-2fc40b96e247"
  referenceNo: "468"
  orderId: "faba431b-014e-4c61-b2e6-266e291d1789"
2023-05-04 * "880 806 () [53b8789a-4451-4a1f-84f7-a9c5da7ada1a]" "Bill Payment for Bill #475 #be4d5eca-7ae6-445c-b7c3-d9443738c410"
  Liabilities:CurrentLiabilities:AccountPayable 1062.82 HKD
  contact: "880 806 () [53b8789a-4451-4a1f-84f7-a9c5da7ada1a]"
  type: "Bill Payment"
  sourceId: "be4d5eca-7ae6-445c-b7c3-d9443738c410"
  referenceNo: "475"
  orderId: "f6f18edb-f3d1-459b-809a-4fd2ea46edf8"
  Assets:CurrentAssets:Bank:BocVisaCard-DavidBank -1062.82 HKD
  type: "Bill Payment"
  sourceId: "be4d5eca-7ae6-445c-b7c3-d9443738c410"
  referenceNo: "475"
  orderId: "f6f18edb-f3d1-459b-809a-4fd2ea46edf8"
2023-05-04 * "Bill #356 G17 裝修保險"
  referenceNo: "356"
  orderId: "3854c008-cb13-4bc3-a8a2-13eacf61cd52"
  type: "Bill"
  Expenses:GeneralExpense:Insurance 2002.00 HKD
  qty: "1"
  description: "G17 裝修保險"
  referenceNo: "356"
  orderId: "3854c008-cb13-4bc3-a8a2-13eacf61cd52"
  type: "Bill Item"
  sourceId: "9624885c-9654-492a-b43d-732f94122329"
  Liabilities:CurrentLiabilities:AccountPayable
  referenceNo: "356"
  orderId: "3854c008-cb13-4bc3-a8a2-13eacf61cd52"
  type: "Bill"
  sourceId: "3854c008-cb13-4bc3-a8a2-13eacf61cd52"
  contact: "880 806 () [53b8789a-4451-4a1f-84f7-a9c5da7ada1a]"
2023-05-04 * "880 806 () [53b8789a-4451-4a1f-84f7-a9c5da7ada1a]" "Bill Payment for Bill #356 #b0787424-cae5-4525-b17e-1bb11c558202"
  Liabilities:CurrentLiabilities:AccountPayable 2002.00 HKD
  contact: "880 806 () [53b8789a-4451-4a1f-84f7-a9c5da7ada1a]"
  type: "Bill Payment"
  sourceId: "b0787424-cae5-4525-b17e-1bb11c558202"
  referenceNo: "356"
  orderId: "3854c008-cb13-4bc3-a8a2-13eacf61cd52"
  Assets:CurrentAssets:Bank:BocCurrentBank -2002.00 HKD
  type: "Bill Payment"
  sourceId: "b0787424-cae5-4525-b17e-1bb11c558202"
  referenceNo: "356"
  orderId: "3854c008-cb13-4bc3-a8a2-13eacf61cd52"
2023-05-08 * "Bill #828 訂購 XRF 輻照儀 手續費 (Bank Fee)"
  referenceNo: "828"
  orderId: "129b6485-ee70-4a88-813b-dfea7ac30714"
  type: "Bill"
  Expenses:GeneralExpense:BankFeesExpense 292.00 HKD
  qty: "1"
  description: "訂購 XRF 輻照儀 手續費 (Bank Fee)"
  referenceNo: "828"
  orderId: "129b6485-ee70-4a88-813b-dfea7ac30714"
  type: "Bill Item"
  sourceId: "ff501de2-3c49-4ed1-b051-027d299e5ee5"
  Liabilities:CurrentLiabilities:AccountPayable
  referenceNo: "828"
  orderId: "129b6485-ee70-4a88-813b-dfea7ac30714"
  type: "Bill"
  sourceId: "129b6485-ee70-4a88-813b-dfea7ac30714"
  contact: "880 806 () [53b8789a-4451-4a1f-84f7-a9c5da7ada1a]"
2023-05-08 * "Bill #611 XRF 貴金屬分析儀 Niton DXL"
  referenceNo: "611"
  orderId: "5bc391e7-2706-4839-b2ae-a43bc9f54512"
  type: "Bill"
  Assets:Non-currentAssets:BuyEquipment 29705.00 USD
  qty: "1"
  description: "XRF貴金屬分析儀 (Thermo Fisher DXL800)"
  referenceNo: "611"
  orderId: "5bc391e7-2706-4839-b2ae-a43bc9f54512"
  type: "Bill Item"
  sourceId: "5e9a5e3b-94ea-42d9-8e5c-94870f7fb7e3"
  Liabilities:CurrentLiabilities:AccountPayable
  referenceNo: "611"
  orderId: "5bc391e7-2706-4839-b2ae-a43bc9f54512"
  type: "Bill"
  sourceId: "5bc391e7-2706-4839-b2ae-a43bc9f54512"
  contact: "880 806 () [53b8789a-4451-4a1f-84f7-a9c5da7ada1a]"
2023-05-08 * "880 806 () [53b8789a-4451-4a1f-84f7-a9c5da7ada1a]" "Bill Payment for Bill #611 #826043fc-c9a9-4799-aa40-7fbee7f34908"
  Liabilities:CurrentLiabilities:AccountPayable 14853.00 USD
  contact: "880 806 () [53b8789a-4451-4a1f-84f7-a9c5da7ada1a]"
  type: "Bill Payment"
  sourceId: "826043fc-c9a9-4799-aa40-7fbee7f34908"
  referenceNo: "611"
  orderId: "5bc391e7-2706-4839-b2ae-a43bc9f54512"
  Liabilities:CurrentLiabilities:CurrentAccount:C-a-MilrichElectronicsHkCoLtd -14853.00 USD
  type: "Bill Payment"
  sourceId: "826043fc-c9a9-4799-aa40-7fbee7f34908"
  referenceNo: "611"
  orderId: "5bc391e7-2706-4839-b2ae-a43bc9f54512"
2023-05-08 * "880 806 () [53b8789a-4451-4a1f-84f7-a9c5da7ada1a]" "Bill Payment for Bill #828 #c106995e-3859-4c18-a9e4-27795e5e226b"
  Liabilities:CurrentLiabilities:AccountPayable 292.00 HKD
  contact: "880 806 () [53b8789a-4451-4a1f-84f7-a9c5da7ada1a]"
  type: "Bill Payment"
  sourceId: "c106995e-3859-4c18-a9e4-27795e5e226b"
  referenceNo: "828"
  orderId: "129b6485-ee70-4a88-813b-dfea7ac30714"
  Liabilities:CurrentLiabilities:CurrentAccount:C-a-MilrichElectronicsHkCoLtd -292.00 HKD
  type: "Bill Payment"
  sourceId: "c106995e-3859-4c18-a9e4-27795e5e226b"
  referenceNo: "828"
  orderId: "129b6485-ee70-4a88-813b-dfea7ac30714"
2023-05-09 * "Bill #164 JS202305090533"
  referenceNo: "164"
  orderId: "3aa657c0-25f5-4507-bd8e-faab413d3c02"
  type: "Bill"
  Expenses:CostOfSales:Purchase:PurchaseItem:BuyGoldJewelry 3541.53 CNY
  category: "Gold Jewelry"
  sku: "DDFF23051204000000000021"
  qty: 1
  referenceNo: "164"
  orderId: "3aa657c0-25f5-4507-bd8e-faab413d3c02"
  type: "Bill Item"
  sourceId: "04ee592a-8ead-4e11-ae91-1e4ef500cfe1"
  Expenses:CostOfSales:Purchase:PurchaseItem:BuyGoldJewelry 3221.58 CNY
  category: "Gold Jewelry"
  sku: "DDFF23051201000000000004"
  qty: 1
  referenceNo: "164"
  orderId: "3aa657c0-25f5-4507-bd8e-faab413d3c02"
  type: "Bill Item"
  sourceId: "eef7b658-8b2f-46c9-b692-d097045d48bb"
  Expenses:CostOfSales:Purchase:PurchaseItem:BuyGoldJewelry 2550.22 CNY
  category: "Gold Jewelry"
  sku: "DDFF23051201000000000005"
  qty: 1
  referenceNo: "164"
  orderId: "3aa657c0-25f5-4507-bd8e-faab413d3c02"
  type: "Bill Item"
  sourceId: "7b98b196-e4f7-47ca-bbdf-3db7ef423ec7"
  Expenses:CostOfSales:Purchase:PurchaseItem:BuyGoldJewelry 3277.53 CNY
  category: "Gold Jewelry"
  sku: "DDFF23051201000000000006"
  qty: 1
  referenceNo: "164"
  orderId: "3aa657c0-25f5-4507-bd8e-faab413d3c02"
  type: "Bill Item"
  sourceId: "3c3b810f-799d-4585-aa7e-78a71cbad462"
  Expenses:CostOfSales:Purchase:PurchaseItem:BuyGoldJewelry 2997.79 CNY
  category: "Gold Jewelry"
  sku: "DDFF23051205000000000011"
  qty: 1
  referenceNo: "164"
  orderId: "3aa657c0-25f5-4507-bd8e-faab413d3c02"
  type: "Bill Item"
  sourceId: "f318762d-d0e0-4f01-a301-5842a2246a46"
  Expenses:CostOfSales:Purchase:PurchaseItem:BuyGoldJewelry 3030.43 CNY
  category: "Gold Jewelry"
  sku: "DDFF23051205000000000012"
  qty: 1
  referenceNo: "164"
  orderId: "3aa657c0-25f5-4507-bd8e-faab413d3c02"
  type: "Bill Item"
  sourceId: "2847e5e2-01a5-4d7d-a556-137d6004df2b"
  Expenses:CostOfSales:Purchase:PurchaseItem:BuyGoldJewelry 1555.80 CNY
  category: "Gold Jewelry"
  sku: "DDFF23051205000000000013"
  qty: 1
  referenceNo: "164"
  orderId: "3aa657c0-25f5-4507-bd8e-faab413d3c02"
  type: "Bill Item"
  sourceId: "ded44e57-c634-4d70-bd02-6e0d422691ea"
  Expenses:CostOfSales:Purchase:PurchaseItem:BuyGoldJewelry 1611.86 CNY
  category: "Gold Jewelry"
  sku: "DDFF23051205000000000014"
  qty: 1
  referenceNo: "164"
  orderId: "3aa657c0-25f5-4507-bd8e-faab413d3c02"
  type: "Bill Item"
  sourceId: "6698804d-1d26-4093-959b-5065163c5df4"
  Expenses:CostOfSales:Purchase:PurchaseItem:BuyGoldJewelry 4139.45 CNY
  category: "Gold Jewelry"
  sku: "DDFF23051205000000000015"
  qty: 1
  referenceNo: "164"
  orderId: "3aa657c0-25f5-4507-bd8e-faab413d3c02"
  type: "Bill Item"
  sourceId: "4268cc78-d814-4fb9-9184-d1a77d4542f2"
  Expenses:CostOfSales:Purchase:PurchaseItem:BuyGoldJewelry 3195.69 CNY
  category: "Gold Jewelry"
  sku: "DDFF23051205000000000016"
  qty: 1
  referenceNo: "164"
  orderId: "3aa657c0-25f5-4507-bd8e-faab413d3c02"
  type: "Bill Item"
  sourceId: "d4c3c785-d818-4f92-ab88-5659ba4a69c2"
  Expenses:CostOfSales:Purchase:PurchaseItem:BuyGoldJewelry 729.95 CNY
  category: "Gold Jewelry"
  sku: "DDFF23051206000000000002"
  qty: 1
  referenceNo: "164"
  orderId: "3aa657c0-25f5-4507-bd8e-faab413d3c02"
  type: "Bill Item"
  sourceId: "dd4eb518-e59c-4130-897c-a44bc6ef9135"
  Expenses:CostOfSales:Purchase:PurchaseItem:BuyGoldJewelry 757.33 CNY
  category: "Gold Jewelry"
  sku: "DDFF23051206000000000003"
  qty: 1
  referenceNo: "164"
  orderId: "3aa657c0-25f5-4507-bd8e-faab413d3c02"
  type: "Bill Item"
  sourceId: "02302de3-8a56-414c-b367-3082957f52db"
  Expenses:CostOfSales:Purchase:PurchaseItem:BuyGoldJewelry 807.51 CNY
  category: "Gold Jewelry"
  sku: "DDFF23051206000000000004"
  qty: 1
  referenceNo: "164"
  orderId: "3aa657c0-25f5-4507-bd8e-faab413d3c02"
  type: "Bill Item"
  sourceId: "5845706f-bfe2-4736-bef4-cc4c491a1ff9"
  Expenses:CostOfSales:Purchase:PurchaseItem:BuyGoldJewelry 844.01 CNY
  category: "Gold Jewelry"
  sku: "DDFF23051206000000000005"
  qty: 1
  referenceNo: "164"
  orderId: "3aa657c0-25f5-4507-bd8e-faab413d3c02"
  type: "Bill Item"
  sourceId: "0e0e9f6f-9edf-4f39-a85f-0a6b7c2e266c"
  Expenses:CostOfSales:Purchase:PurchaseItem:BuyGoldJewelry 4842.33 CNY
  category: "Gold Jewelry"
  sku: "DDFF23051204000000000016"
  qty: 1
  referenceNo: "164"
  orderId: "3aa657c0-25f5-4507-bd8e-faab413d3c02"
  type: "Bill Item"
  sourceId: "f8a7784f-f837-4caa-aea0-9ab152920d33"
  Expenses:CostOfSales:Purchase:PurchaseItem:BuyGoldJewelry 3293.53 CNY
  category: "Gold Jewelry"
  sku: "DDFF23051204000000000017"
  qty: 1
  referenceNo: "164"
  orderId: "3aa657c0-25f5-4507-bd8e-faab413d3c02"
  type: "Bill Item"
  sourceId: "fa947c3a-d2e3-492a-8300-02301df017bb"
  Expenses:CostOfSales:Purchase:PurchaseItem:BuyGoldJewelry 5056.93 CNY
  category: "Gold Jewelry"
  sku: "DDFF23051204000000000018"
  qty: 1
  referenceNo: "164"
  orderId: "3aa657c0-25f5-4507-bd8e-faab413d3c02"
  type: "Bill Item"
  sourceId: "aa277028-740b-4132-b68a-0666f17b2d8e"
  Expenses:CostOfSales:Purchase:PurchaseItem:BuyGoldJewelry 5257.52 CNY
  category: "Gold Jewelry"
  sku: "DDFF23051204000000000019"
  qty: 1
  referenceNo: "164"
  orderId: "3aa657c0-25f5-4507-bd8e-faab413d3c02"
  type: "Bill Item"
  sourceId: "70cee8c4-e5ea-4f40-9aa2-e476cdd16060"
  Expenses:CostOfSales:Purchase:PurchaseItem:BuyGoldJewelry 2737.91 CNY
  category: "Gold Jewelry"
  sku: "DDFF23051204000000000020"
  qty: 1
  referenceNo: "164"
  orderId: "3aa657c0-25f5-4507-bd8e-faab413d3c02"
  type: "Bill Item"
  sourceId: "b21eff1a-0ce0-479b-ae15-e28af5582823"
  Expenses:CostOfSales:Purchase:PurchaseItem:BuyGoldJewelry 3494.81 CNY
  category: "Gold Jewelry"
  sku: "DDFF23051204000000000022"
  qty: 1
  referenceNo: "164"
  orderId: "3aa657c0-25f5-4507-bd8e-faab413d3c02"
  type: "Bill Item"
  sourceId: "aca81ff1-6d61-4d65-8edc-fc28a58f77a8"
  Expenses:CostOfSales:Purchase:PurchaseItem:BuyGoldJewelry 3265.87 CNY
  category: "Gold Jewelry"
  sku: "DDFF23051204000000000023"
  qty: 1
  referenceNo: "164"
  orderId: "3aa657c0-25f5-4507-bd8e-faab413d3c02"
  type: "Bill Item"
  sourceId: "f90a9cc3-63ba-4051-957c-3fed38d3ce52"
  Expenses:CostOfSales:Purchase:PurchaseItem:BuyGoldJewelry 7184.54 CNY
  category: "Gold Jewelry"
  sku: "DDFF23051202000000000021"
  qty: 1
  referenceNo: "164"
  orderId: "3aa657c0-25f5-4507-bd8e-faab413d3c02"
  type: "Bill Item"
  sourceId: "176b9dcb-343e-4bfa-92a9-2b5f54938c5f"
  Expenses:CostOfSales:Purchase:PurchaseItem:BuyGoldJewelry 1880.09 CNY
  category: "Gold Jewelry"
  sku: "DDFF23051202000000000022"
  qty: 1
  referenceNo: "164"
  orderId: "3aa657c0-25f5-4507-bd8e-faab413d3c02"
  type: "Bill Item"
  sourceId: "9f5472bd-c703-4f13-acb3-754ee43a0742"
  Expenses:CostOfSales:Purchase:PurchaseItem:BuyGoldJewelry 1668.85 CNY
  category: "Gold Jewelry"
  sku: "DDFF23051207000000000001"
  qty: 1
  referenceNo: "164"
  orderId: "3aa657c0-25f5-4507-bd8e-faab413d3c02"
  type: "Bill Item"
  sourceId: "d9306aa4-7ede-451e-93c2-7b34d6f4f83d"
  Expenses:CostOfSales:Purchase:PurchaseItem:BuyGoldJewelry 2098.64 CNY
  category: "Gold Jewelry"
  sku: "DDFF23051207000000000002"
  qty: 1
  referenceNo: "164"
  orderId: "3aa657c0-25f5-4507-bd8e-faab413d3c02"
  type: "Bill Item"
  sourceId: "ec5cf20e-e6e8-46c7-b71b-2cf9cc09eeac"
  Expenses:CostOfSales:Purchase:PurchaseItem:BuyGoldJewelry 15957.90 CNY
  category: "Gold Jewelry"
  sku: "DDFF23051203000000000009"
  qty: 1
  referenceNo: "164"
  orderId: "3aa657c0-25f5-4507-bd8e-faab413d3c02"
  type: "Bill Item"
  sourceId: "2d96d344-7d35-4d40-9cfc-ff1fae2dee56"
  Expenses:CostOfSales:Purchase:PurchaseItem:BuyGoldJewelry 29220.17 CNY
  category: "Gold Jewelry"
  sku: "DDFF23051203000000000010"
  qty: 1
  referenceNo: "164"
  orderId: "3aa657c0-25f5-4507-bd8e-faab413d3c02"
  type: "Bill Item"
  sourceId: "8f224d6f-c74a-4f6a-8a8b-7b4a85970123"
  Expenses:CostOfSales:Purchase:PurchaseItem:BuyGoldJewelry 29188.02 CNY
  category: "Gold Jewelry"
  sku: "DDFF23051203000000000011"
  qty: 1
  referenceNo: "164"
  orderId: "3aa657c0-25f5-4507-bd8e-faab413d3c02"
  type: "Bill Item"
  sourceId: "5c08bd02-c69d-4642-af4b-1572bda7c570"
  Expenses:CostOfSales:Purchase:PurchaseItem:BuyGoldJewelry 3077.05 CNY
  category: "Gold Jewelry"
  sku: "DDFF23051201000000000001"
  qty: 1
  referenceNo: "164"
  orderId: "3aa657c0-25f5-4507-bd8e-faab413d3c02"
  type: "Bill Item"
  sourceId: "cb288a26-fa55-47d1-a48f-912b8eff372d"
  Expenses:CostOfSales:Purchase:PurchaseItem:BuyGoldJewelry 3156.31 CNY
  category: "Gold Jewelry"
  sku: "DDFF23051201000000000002"
  qty: 1
  referenceNo: "164"
  orderId: "3aa657c0-25f5-4507-bd8e-faab413d3c02"
  type: "Bill Item"
  sourceId: "ebf96cea-61d8-4c6a-810a-f7ab0325f971"
  Expenses:CostOfSales:Purchase:PurchaseItem:BuyGoldJewelry 2526.91 CNY
  category: "Gold Jewelry"
  sku: "DDFF23051201000000000003"
  qty: 1
  referenceNo: "164"
  orderId: "3aa657c0-25f5-4507-bd8e-faab413d3c02"
  type: "Bill Item"
  sourceId: "d5934f26-ec40-446d-9041-c9caf97ebaf3"
  Expenses:CostOfSales:Purchase:PurchaseItem:BuyGoldJewelry 3223.72 CNY
  category: "Gold Jewelry"
  sku: "DDFF23051205000000000017"
  qty: 1
  referenceNo: "164"
  orderId: "3aa657c0-25f5-4507-bd8e-faab413d3c02"
  type: "Bill Item"
  sourceId: "c95a7cdc-8954-4144-b65d-7dc5151c5d7f"
  Expenses:CostOfSales:Purchase:PurchaseItem:BuyGoldJewelry 1602.52 CNY
  category: "Gold Jewelry"
  sku: "DDFF23051205000000000018"
  qty: 1
  referenceNo: "164"
  orderId: "3aa657c0-25f5-4507-bd8e-faab413d3c02"
  type: "Bill Item"
  sourceId: "5641d48c-948c-41ce-ae56-bd9591b9f1ef"
  Expenses:CostOfSales:Purchase:PurchaseItem:BuyGoldJewelry 3022.82 CNY
  category: "Gold Jewelry"
  sku: "DDFF23051205000000000019"
  qty: 1
  referenceNo: "164"
  orderId: "3aa657c0-25f5-4507-bd8e-faab413d3c02"
  type: "Bill Item"
  sourceId: "030b6346-cca0-4415-8906-78f4cb898cf0"
  Expenses:CostOfSales:Purchase:PurchaseItem:BuyGoldJewelry 2644.39 CNY
  category: "Gold Jewelry"
  sku: "DDFF23051205000000000020"
  qty: 1
  referenceNo: "164"
  orderId: "3aa657c0-25f5-4507-bd8e-faab413d3c02"
  type: "Bill Item"
  sourceId: "41f21c84-1948-46df-a064-b965c620658f"
  Expenses:CostOfSales:Purchase:PurchaseItem:BuyGoldJewelry 3247.08 CNY
  category: "Gold Jewelry"
  sku: "DDFF23051205000000000021"
  qty: 1
  referenceNo: "164"
  orderId: "3aa657c0-25f5-4507-bd8e-faab413d3c02"
  type: "Bill Item"
  sourceId: "a8fa8024-38c1-48f4-ad9d-2d0fb2d6b21b"
  Expenses:CostOfSales:Purchase:PurchaseItem:BuyGoldJewelry 1602.52 CNY
  category: "Gold Jewelry"
  sku: "DDFF23051205000000000022"
  qty: 1
  referenceNo: "164"
  orderId: "3aa657c0-25f5-4507-bd8e-faab413d3c02"
  type: "Bill Item"
  sourceId: "a94321f3-15c0-49ad-aefe-0085e08f2878"
  Expenses:CostOfSales:Purchase:PurchaseItem:BuyGoldJewelry 4997.41 CNY
  category: "Gold Jewelry"
  sku: "DDFF23051206000000000006"
  qty: 1
  referenceNo: "164"
  orderId: "3aa657c0-25f5-4507-bd8e-faab413d3c02"
  type: "Bill Item"
  sourceId: "29756bbb-6398-480c-a6d2-47c716916dac"
  Expenses:CostOfSales:Purchase:PurchaseItem:BuyGoldJewelry 11942.20 CNY
  category: "Gold Jewelry"
  sku: "DDFF23051204000000000024"
  qty: 1
  referenceNo: "164"
  orderId: "3aa657c0-25f5-4507-bd8e-faab413d3c02"
  type: "Bill Item"
  sourceId: "5f6d4535-32f7-478e-b512-90634e8c5c7b"
  Expenses:CostOfSales:Purchase:PurchaseItem:BuyGoldJewelry 11151.32 CNY
  category: "Gold Jewelry"
  sku: "DDFF23051204000000000025"
  qty: 1
  referenceNo: "164"
  orderId: "3aa657c0-25f5-4507-bd8e-faab413d3c02"
  type: "Bill Item"
  sourceId: "6ec116b1-dcc0-42e8-a64e-cc7ed4859b8e"
  Expenses:CostOfSales:Purchase:PurchaseItem:BuyGoldJewelry 15282.48 CNY
  category: "Gold Jewelry"
  sku: "DDFF23051204000000000026"
  qty: 1
  referenceNo: "164"
  orderId: "3aa657c0-25f5-4507-bd8e-faab413d3c02"
  type: "Bill Item"
  sourceId: "f03a8652-b934-4839-a735-2b181f21f331"
  Expenses:CostOfSales:Purchase:PurchaseItem:BuyGoldJewelry 11374.63 CNY
  category: "Gold Jewelry"
  sku: "DDFF23051204000000000027"
  qty: 1
  referenceNo: "164"
  orderId: "3aa657c0-25f5-4507-bd8e-faab413d3c02"
  type: "Bill Item"
  sourceId: "9700a37c-dc79-49c1-b97d-80371e44d3a5"
  Expenses:CostOfSales:Purchase:PurchaseItem:BuyGoldJewelry 8383.26 CNY
  category: "Gold Jewelry"
  sku: "DDFF23051204000000000028"
  qty: 1
  referenceNo: "164"
  orderId: "3aa657c0-25f5-4507-bd8e-faab413d3c02"
  type: "Bill Item"
  sourceId: "7cdc9b5c-ac60-403d-90af-0cfc141dcbab"
  Expenses:CostOfSales:Purchase:PurchaseItem:BuyGoldJewelry 12202.72 CNY
  category: "Gold Jewelry"
  sku: "DDFF23051204000000000029"
  qty: 1
  referenceNo: "164"
  orderId: "3aa657c0-25f5-4507-bd8e-faab413d3c02"
  type: "Bill Item"
  sourceId: "46891f1b-6936-4719-847a-51abaad0ce58"
  Expenses:CostOfSales:Purchase:PurchaseItem:BuyGoldJewelry 11639.80 CNY
  category: "Gold Jewelry"
  sku: "DDFF23051204000000000030"
  qty: 1
  referenceNo: "164"
  orderId: "3aa657c0-25f5-4507-bd8e-faab413d3c02"
  type: "Bill Item"
  sourceId: "cdcb253a-4864-460f-9683-0bb3c7459417"
  Expenses:CostOfSales:Purchase:PurchaseItem:BuyGoldJewelry 12170.16 CNY
  category: "Gold Jewelry"
  sku: "DDFF23051204000000000031"
  qty: 1
  referenceNo: "164"
  orderId: "3aa657c0-25f5-4507-bd8e-faab413d3c02"
  type: "Bill Item"
  sourceId: "127743b9-423f-4a82-8a79-a5c21e32aaba"
  Expenses:CostOfSales:Purchase:PurchaseItem:BuyGoldJewelry 13849.60 CNY
  category: "Gold Jewelry"
  sku: "DDFF23051204000000000032"
  qty: 1
  referenceNo: "164"
  orderId: "3aa657c0-25f5-4507-bd8e-faab413d3c02"
  type: "Bill Item"
  sourceId: "5f8dabdc-fbc8-4f4c-be2f-dd705422ba95"
  Expenses:CostOfSales:Purchase:PurchaseItem:BuyGoldJewelry 4700.24 CNY
  category: "Gold Jewelry"
  sku: "DDFF23051204000000000033"
  qty: 1
  referenceNo: "164"
  orderId: "3aa657c0-25f5-4507-bd8e-faab413d3c02"
  type: "Bill Item"
  sourceId: "04dae336-7dbf-4150-9267-e11e34907122"
  Liabilities:CurrentLiabilities:AccountPayable
  referenceNo: "164"
  orderId: "3aa657c0-25f5-4507-bd8e-faab413d3c02"
  type: "Bill"
  sourceId: "3aa657c0-25f5-4507-bd8e-faab413d3c02"
  contact: "998 12345842 (粵豪珠寶) [d452a034-9f5a-4b05-b8d6-6e1c7ed56ec4]"
2023-05-09 * "Bill #151 JS202305090539"
  referenceNo: "151"
  orderId: "8b1a8305-659a-4814-a412-b6b5a9e1db5f"
  type: "Bill"
  Expenses:CostOfSales:Purchase:PurchaseItem:BuyGoldJewelry 512.16 CNY
  category: "Gold Jewelry"
  sku: "DDFF2305120A000000000027"
  qty: 1
  referenceNo: "151"
  orderId: "8b1a8305-659a-4814-a412-b6b5a9e1db5f"
  type: "Bill Item"
  sourceId: "02e16852-4c57-458d-a2c9-82b039a01b5d"
  Expenses:CostOfSales:Purchase:PurchaseItem:BuyGoldJewelry 659.17 CNY
  category: "Gold Jewelry"
  sku: "DDFF2305120A000000000028"
  qty: 1
  referenceNo: "151"
  orderId: "8b1a8305-659a-4814-a412-b6b5a9e1db5f"
  type: "Bill Item"
  sourceId: "550ab4c9-28e5-428d-ad44-e1e0d6f7adb7"
  Expenses:CostOfSales:Purchase:PurchaseItem:BuyGoldJewelry 431.54 CNY
  category: "Gold Jewelry"
  sku: "DDFF2305120A000000000029"
  qty: 1
  referenceNo: "151"
  orderId: "8b1a8305-659a-4814-a412-b6b5a9e1db5f"
  type: "Bill Item"
  sourceId: "6efc499a-5e49-4094-ac00-3f41429e4ef6"
  Expenses:CostOfSales:Purchase:PurchaseItem:BuyGoldJewelry 7886.20 CNY
  category: "Gold Jewelry"
  sku: "DDFF23051204000000000002"
  qty: 1
  referenceNo: "151"
  orderId: "8b1a8305-659a-4814-a412-b6b5a9e1db5f"
  type: "Bill Item"
  sourceId: "6c170a67-c6f6-4f82-b332-eb4bd790bb02"
  Expenses:CostOfSales:Purchase:PurchaseItem:BuyGoldJewelry 8319.56 CNY
  category: "Gold Jewelry"
  sku: "DDFF23051204000000000003"
  qty: 1
  referenceNo: "151"
  orderId: "8b1a8305-659a-4814-a412-b6b5a9e1db5f"
  type: "Bill Item"
  sourceId: "9b1535d4-e5e8-4c7f-9e14-712a5c1d1fd0"
  Expenses:CostOfSales:Purchase:PurchaseItem:BuyGoldJewelry 15300.95 CNY
  category: "Gold Jewelry"
  sku: "DDFF23051204000000000004"
  qty: 1
  referenceNo: "151"
  orderId: "8b1a8305-659a-4814-a412-b6b5a9e1db5f"
  type: "Bill Item"
  sourceId: "a1ba3ecf-5548-420f-9f5e-446150c52ddf"
  Expenses:CostOfSales:Purchase:PurchaseItem:BuyGoldJewelry 15039.03 CNY
  category: "Gold Jewelry"
  sku: "DDFF23051204000000000005"
  qty: 1
  referenceNo: "151"
  orderId: "8b1a8305-659a-4814-a412-b6b5a9e1db5f"
  type: "Bill Item"
  sourceId: "13518275-e153-4727-8bf2-9fc7f18dd067"
  Expenses:CostOfSales:Purchase:PurchaseItem:BuyGoldJewelry 6386.52 CNY
  category: "Gold Jewelry"
  sku: "DDFF23051204000000000006"
  qty: 1
  referenceNo: "151"
  orderId: "8b1a8305-659a-4814-a412-b6b5a9e1db5f"
  type: "Bill Item"
  sourceId: "415f26b4-364b-48cf-b362-00562e25cafa"
  Expenses:CostOfSales:Purchase:PurchaseItem:BuyGoldJewelry 4321.67 CNY
  category: "Gold Jewelry"
  sku: "DDFF23051204000000000007"
  qty: 1
  referenceNo: "151"
  orderId: "8b1a8305-659a-4814-a412-b6b5a9e1db5f"
  type: "Bill Item"
  sourceId: "e2004060-f28d-4e71-8dd1-e824496da64c"
  Expenses:CostOfSales:Purchase:PurchaseItem:BuyGoldJewelry 4223.34 CNY
  category: "Gold Jewelry"
  sku: "DDFF23051204000000000008"
  qty: 1
  referenceNo: "151"
  orderId: "8b1a8305-659a-4814-a412-b6b5a9e1db5f"
  type: "Bill Item"
  sourceId: "b14e8746-1798-4448-b523-cb30e31e86b4"
  Expenses:CostOfSales:Purchase:PurchaseItem:BuyGoldJewelry 4443.41 CNY
  category: "Gold Jewelry"
  sku: "DDFF23051204000000000009"
  qty: 1
  referenceNo: "151"
  orderId: "8b1a8305-659a-4814-a412-b6b5a9e1db5f"
  type: "Bill Item"
  sourceId: "fbbdcef6-b68a-4878-912b-a8eba85eec40"
  Expenses:CostOfSales:Purchase:PurchaseItem:BuyGoldJewelry 4555.78 CNY
  category: "Gold Jewelry"
  sku: "DDFF23051204000000000010"
  qty: 1
  referenceNo: "151"
  orderId: "8b1a8305-659a-4814-a412-b6b5a9e1db5f"
  type: "Bill Item"
  sourceId: "05b4f828-3daf-4bd4-a871-ab5625fbc27d"
  Expenses:CostOfSales:Purchase:PurchaseItem:BuyGoldJewelry 4143.75 CNY
  category: "Gold Jewelry"
  sku: "DDFF23051204000000000011"
  qty: 1
  referenceNo: "151"
  orderId: "8b1a8305-659a-4814-a412-b6b5a9e1db5f"
  type: "Bill Item"
  sourceId: "d17e2168-269f-46e6-bcf4-707c3df1777d"
  Expenses:CostOfSales:Purchase:PurchaseItem:BuyGoldJewelry 1330.72 CNY
  category: "Gold Jewelry"
  sku: "DDFF23051205000000000002"
  qty: 1
  referenceNo: "151"
  orderId: "8b1a8305-659a-4814-a412-b6b5a9e1db5f"
  type: "Bill Item"
  sourceId: "d25dc728-8a5d-45c0-b084-261c2bdb0500"
  Expenses:CostOfSales:Purchase:PurchaseItem:BuyGoldJewelry 1354.23 CNY
  category: "Gold Jewelry"
  sku: "DDFF23051205000000000003"
  qty: 1
  referenceNo: "151"
  orderId: "8b1a8305-659a-4814-a412-b6b5a9e1db5f"
  type: "Bill Item"
  sourceId: "5fde8de0-2dd4-4402-93f8-02f2a6719156"
  Expenses:CostOfSales:Purchase:PurchaseItem:BuyGoldJewelry 1993.73 CNY
  category: "Gold Jewelry"
  sku: "DDFF23051204000000000012"
  qty: 1
  referenceNo: "151"
  orderId: "8b1a8305-659a-4814-a412-b6b5a9e1db5f"
  type: "Bill Item"
  sourceId: "30257681-009d-41bb-8aa1-e6eb534af9ba"
  Expenses:CostOfSales:Purchase:PurchaseItem:BuyGoldJewelry 659.19 CNY
  category: "Gold Jewelry"
  sku: "DDFF23051205000000000004"
  qty: 1
  referenceNo: "151"
  orderId: "8b1a8305-659a-4814-a412-b6b5a9e1db5f"
  type: "Bill Item"
  sourceId: "21aeae5e-502b-456e-9511-f8b1aeb6cfef"
  Expenses:CostOfSales:Purchase:PurchaseItem:BuyGoldJewelry 533.85 CNY
  category: "Gold Jewelry"
  sku: "DDFF23051205000000000005"
  qty: 1
  referenceNo: "151"
  orderId: "8b1a8305-659a-4814-a412-b6b5a9e1db5f"
  type: "Bill Item"
  sourceId: "ab64ed10-8bc3-4167-a561-65b3ac8635b1"
  Expenses:CostOfSales:Purchase:PurchaseItem:BuyGoldJewelry 631.34 CNY
  category: "Gold Jewelry"
  sku: "DDFF23051205000000000006"
  qty: 1
  referenceNo: "151"
  orderId: "8b1a8305-659a-4814-a412-b6b5a9e1db5f"
  type: "Bill Item"
  sourceId: "e6ce66ad-9b68-4945-9262-84aab95be4ba"
  Expenses:CostOfSales:Purchase:PurchaseItem:BuyGoldJewelry 501.36 CNY
  category: "Gold Jewelry"
  sku: "DDFF23051205000000000007"
  qty: 1
  referenceNo: "151"
  orderId: "8b1a8305-659a-4814-a412-b6b5a9e1db5f"
  type: "Bill Item"
  sourceId: "e0ece0c9-44cd-4d13-b19f-fe00b7c47d9a"
  Expenses:CostOfSales:Purchase:PurchaseItem:BuyGoldJewelry 538.50 CNY
  category: "Gold Jewelry"
  sku: "DDFF23051205000000000008"
  qty: 1
  referenceNo: "151"
  orderId: "8b1a8305-659a-4814-a412-b6b5a9e1db5f"
  type: "Bill Item"
  sourceId: "26328812-bbb9-4480-b28d-3ba3e86afcb6"
  Expenses:CostOfSales:Purchase:PurchaseItem:BuyGoldJewelry 589.56 CNY
  category: "Gold Jewelry"
  sku: "DDFF23051205000000000009"
  qty: 1
  referenceNo: "151"
  orderId: "8b1a8305-659a-4814-a412-b6b5a9e1db5f"
  type: "Bill Item"
  sourceId: "23873cff-f060-453c-86c5-37aace85987e"
  Expenses:CostOfSales:Purchase:PurchaseItem:BuyGoldJewelry 529.21 CNY
  category: "Gold Jewelry"
  sku: "DDFF23051205000000000010"
  qty: 1
  referenceNo: "151"
  orderId: "8b1a8305-659a-4814-a412-b6b5a9e1db5f"
  type: "Bill Item"
  sourceId: "f88819b2-4393-4698-9600-88b8f3877bca"
  Expenses:CostOfSales:Purchase:PurchaseItem:BuyGoldJewelry 1168.85 CNY
  category: "Gold Jewelry"
  sku: "DDFF23051203000000000004"
  qty: 1
  referenceNo: "151"
  orderId: "8b1a8305-659a-4814-a412-b6b5a9e1db5f"
  type: "Bill Item"
  sourceId: "59dff8ff-7f15-42aa-9d47-c652a1ed8290"
  Expenses:CostOfSales:Purchase:PurchaseItem:BuyGoldJewelry 1310.82 CNY
  category: "Gold Jewelry"
  sku: "DDFF23051203000000000005"
  qty: 1
  referenceNo: "151"
  orderId: "8b1a8305-659a-4814-a412-b6b5a9e1db5f"
  type: "Bill Item"
  sourceId: "5af2c14a-ab6c-449b-a654-fd467a6fabde"
  Expenses:CostOfSales:Purchase:PurchaseItem:BuyGoldJewelry 1637.34 CNY
  category: "Gold Jewelry"
  sku: "DDFF23051203000000000006"
  qty: 1
  referenceNo: "151"
  orderId: "8b1a8305-659a-4814-a412-b6b5a9e1db5f"
  type: "Bill Item"
  sourceId: "ebfe0abd-85da-4229-931c-f4bea9968288"
  Expenses:CostOfSales:Purchase:PurchaseItem:BuyGoldJewelry 1500.11 CNY
  category: "Gold Jewelry"
  sku: "DDFF23051203000000000007"
  qty: 1
  referenceNo: "151"
  orderId: "8b1a8305-659a-4814-a412-b6b5a9e1db5f"
  type: "Bill Item"
  sourceId: "92a7b75f-a17f-43f9-af33-8a4eb71c8818"
  Expenses:CostOfSales:Purchase:PurchaseItem:BuyGoldJewelry 1268.23 CNY
  category: "Gold Jewelry"
  sku: "DDFF23051203000000000008"
  qty: 1
  referenceNo: "151"
  orderId: "8b1a8305-659a-4814-a412-b6b5a9e1db5f"
  type: "Bill Item"
  sourceId: "5dec1350-d5e6-4b60-9c2f-783be159d5cb"
  Expenses:CostOfSales:Purchase:PurchaseItem:BuyGoldJewelry 2969.75 CNY
  category: "Gold Jewelry"
  sku: "DDFF23051204000000000013"
  qty: 1
  referenceNo: "151"
  orderId: "8b1a8305-659a-4814-a412-b6b5a9e1db5f"
  type: "Bill Item"
  sourceId: "c26a9c18-cab0-4c37-9f42-bdf3782a6ed0"
  Expenses:CostOfSales:Purchase:PurchaseItem:BuyGoldJewelry 2601.52 CNY
  category: "Gold Jewelry"
  sku: "DDFF23051204000000000014"
  qty: 1
  referenceNo: "151"
  orderId: "8b1a8305-659a-4814-a412-b6b5a9e1db5f"
  type: "Bill Item"
  sourceId: "ef001162-a265-46df-85bf-7eb61206cfc4"
  Expenses:CostOfSales:Purchase:PurchaseItem:BuyGoldJewelry 4411.24 CNY
  category: "Gold Jewelry"
  sku: "DDFF23051204000000000015"
  qty: 1
  referenceNo: "151"
  orderId: "8b1a8305-659a-4814-a412-b6b5a9e1db5f"
  type: "Bill Item"
  sourceId: "8750c121-3004-48f6-8728-3ec1670e01ed"
  Expenses:CostOfSales:Purchase:PurchaseItem:BuyGoldJewelry 2520.22 CNY
  category: "Gold Jewelry"
  sku: "DDFF2305120A000000000002"
  qty: 1
  referenceNo: "151"
  orderId: "8b1a8305-659a-4814-a412-b6b5a9e1db5f"
  type: "Bill Item"
  sourceId: "76217f78-61f7-4e32-b1ad-647a3b56f394"
  Expenses:CostOfSales:Purchase:PurchaseItem:BuyGoldJewelry 2151.99 CNY
  category: "Gold Jewelry"
  sku: "DDFF2305120A000000000003"
  qty: 1
  referenceNo: "151"
  orderId: "8b1a8305-659a-4814-a412-b6b5a9e1db5f"
  type: "Bill Item"
  sourceId: "0fe035a3-630f-4687-84be-2c1bbaa6b20f"
  Expenses:CostOfSales:Purchase:PurchaseItem:BuyGoldJewelry 1544.65 CNY
  category: "Gold Jewelry"
  sku: "DDFF2305120A000000000004"
  qty: 1
  referenceNo: "151"
  orderId: "8b1a8305-659a-4814-a412-b6b5a9e1db5f"
  type: "Bill Item"
  sourceId: "6cc83a6a-fff3-4ed7-afa7-704584cbc4a9"
  Expenses:CostOfSales:Purchase:PurchaseItem:BuyGoldJewelry 2056.35 CNY
  category: "Gold Jewelry"
  sku: "DDFF2305120A000000000005"
  qty: 1
  referenceNo: "151"
  orderId: "8b1a8305-659a-4814-a412-b6b5a9e1db5f"
  type: "Bill Item"
  sourceId: "9aad2787-22eb-4890-a80d-a933c2c9934d"
  Expenses:CostOfSales:Purchase:PurchaseItem:BuyGoldJewelry 2195.03 CNY
  category: "Gold Jewelry"
  sku: "DDFF23051202000000000001"
  qty: 1
  referenceNo: "151"
  orderId: "8b1a8305-659a-4814-a412-b6b5a9e1db5f"
  type: "Bill Item"
  sourceId: "88a01390-9404-4675-b26f-336f193cdd73"
  Expenses:CostOfSales:Purchase:PurchaseItem:BuyGoldJewelry 4637.56 CNY
  category: "Gold Jewelry"
  sku: "DDFF2305120A000000000006"
  qty: 1
  referenceNo: "151"
  orderId: "8b1a8305-659a-4814-a412-b6b5a9e1db5f"
  type: "Bill Item"
  sourceId: "aba4901a-b725-4895-a2f5-df31ae7d2a7d"
  Expenses:CostOfSales:Purchase:PurchaseItem:BuyGoldJewelry 4665.41 CNY
  category: "Gold Jewelry"
  sku: "DDFF2305120A000000000007"
  qty: 1
  referenceNo: "151"
  orderId: "8b1a8305-659a-4814-a412-b6b5a9e1db5f"
  type: "Bill Item"
  sourceId: "4b1d6566-249d-4404-aa2e-832059118423"
  Expenses:CostOfSales:Purchase:PurchaseItem:BuyGoldJewelry 1095.45 CNY
  category: "Gold Jewelry"
  sku: "DDFF23051202000000000002"
  qty: 1
  referenceNo: "151"
  orderId: "8b1a8305-659a-4814-a412-b6b5a9e1db5f"
  type: "Bill Item"
  sourceId: "cd4ca025-8db9-442f-b012-e24b120e8c62"
  Expenses:CostOfSales:Purchase:PurchaseItem:BuyGoldJewelry 1877.91 CNY
  category: "Gold Jewelry"
  sku: "DDFF23051202000000000003"
  qty: 1
  referenceNo: "151"
  orderId: "8b1a8305-659a-4814-a412-b6b5a9e1db5f"
  type: "Bill Item"
  sourceId: "06b4c2d6-e8d9-4e93-a9cf-54baffc492a4"
  Expenses:CostOfSales:Purchase:PurchaseItem:BuyGoldJewelry 1436.89 CNY
  category: "Gold Jewelry"
  sku: "DDFF23051202000000000004"
  qty: 1
  referenceNo: "151"
  orderId: "8b1a8305-659a-4814-a412-b6b5a9e1db5f"
  type: "Bill Item"
  sourceId: "163d5e5a-29de-475e-add3-ff5cec3e4426"
  Expenses:CostOfSales:Purchase:PurchaseItem:BuyGoldJewelry 1123.90 CNY
  category: "Gold Jewelry"
  sku: "DDFF23051202000000000005"
  qty: 1
  referenceNo: "151"
  orderId: "8b1a8305-659a-4814-a412-b6b5a9e1db5f"
  type: "Bill Item"
  sourceId: "28437e9e-e07e-4fbc-a4e5-4c0661bec6ee"
  Expenses:CostOfSales:Purchase:PurchaseItem:BuyGoldJewelry 1911.11 CNY
  category: "Gold Jewelry"
  sku: "DDFF23051202000000000006"
  qty: 1
  referenceNo: "151"
  orderId: "8b1a8305-659a-4814-a412-b6b5a9e1db5f"
  type: "Bill Item"
  sourceId: "237293b0-53d0-4b95-800a-3a166b5bb02f"
  Expenses:CostOfSales:Purchase:PurchaseItem:BuyGoldJewelry 1085.96 CNY
  category: "Gold Jewelry"
  sku: "DDFF23051202000000000007"
  qty: 1
  referenceNo: "151"
  orderId: "8b1a8305-659a-4814-a412-b6b5a9e1db5f"
  type: "Bill Item"
  sourceId: "68c75a5b-a430-4d19-89e0-945431e44f1e"
  Expenses:CostOfSales:Purchase:PurchaseItem:BuyGoldJewelry 2238.25 CNY
  category: "Gold Jewelry"
  sku: "DDFF23051202000000000008"
  qty: 1
  referenceNo: "151"
  orderId: "8b1a8305-659a-4814-a412-b6b5a9e1db5f"
  type: "Bill Item"
  sourceId: "7199f2c5-587a-4b2c-ac20-c274d79f66f7"
  Expenses:CostOfSales:Purchase:PurchaseItem:BuyGoldJewelry 1791.54 CNY
  category: "Gold Jewelry"
  sku: "DDFF23051202000000000009"
  qty: 1
  referenceNo: "151"
  orderId: "8b1a8305-659a-4814-a412-b6b5a9e1db5f"
  type: "Bill Item"
  sourceId: "aeeaa8f9-a6d5-40ac-ad9b-f0b09f1cfc6d"
  Expenses:CostOfSales:Purchase:PurchaseItem:BuyGoldJewelry 1396.55 CNY
  category: "Gold Jewelry"
  sku: "DDFF23051202000000000010"
  qty: 1
  referenceNo: "151"
  orderId: "8b1a8305-659a-4814-a412-b6b5a9e1db5f"
  type: "Bill Item"
  sourceId: "6aa5bd7d-fec5-4b6d-b1d3-0d7b7b1ffb16"
  Expenses:CostOfSales:Purchase:PurchaseItem:BuyGoldJewelry 1434.17 CNY
  category: "Gold Jewelry"
  sku: "DDFF23051202000000000011"
  qty: 1
  referenceNo: "151"
  orderId: "8b1a8305-659a-4814-a412-b6b5a9e1db5f"
  type: "Bill Item"
  sourceId: "d982f6fb-d285-437e-99bc-96c2a5bce62b"
  Expenses:CostOfSales:Purchase:PurchaseItem:BuyGoldJewelry 1184.95 CNY
  category: "Gold Jewelry"
  sku: "DDFF23051202000000000012"
  qty: 1
  referenceNo: "151"
  orderId: "8b1a8305-659a-4814-a412-b6b5a9e1db5f"
  type: "Bill Item"
  sourceId: "c96780d5-afa5-4e31-a1dc-d7acfc59d325"
  Expenses:CostOfSales:Purchase:PurchaseItem:BuyGoldJewelry 1156.74 CNY
  category: "Gold Jewelry"
  sku: "DDFF23051202000000000013"
  qty: 1
  referenceNo: "151"
  orderId: "8b1a8305-659a-4814-a412-b6b5a9e1db5f"
  type: "Bill Item"
  sourceId: "090a622f-3ac2-424b-95a6-70fba3c9a39e"
  Expenses:CostOfSales:Purchase:PurchaseItem:BuyGoldJewelry 1010.97 CNY
  category: "Gold Jewelry"
  sku: "DDFF23051202000000000014"
  qty: 1
  referenceNo: "151"
  orderId: "8b1a8305-659a-4814-a412-b6b5a9e1db5f"
  type: "Bill Item"
  sourceId: "6c35f8b5-5a33-4fdf-8051-42b097ea8a90"
  Expenses:CostOfSales:Purchase:PurchaseItem:BuyGoldJewelry 926.33 CNY
  category: "Gold Jewelry"
  sku: "DDFF23051202000000000015"
  qty: 1
  referenceNo: "151"
  orderId: "8b1a8305-659a-4814-a412-b6b5a9e1db5f"
  type: "Bill Item"
  sourceId: "7add290e-bc6f-4687-b3dd-614afba167d5"
  Expenses:CostOfSales:Purchase:PurchaseItem:BuyGoldJewelry 1716.30 CNY
  category: "Gold Jewelry"
  sku: "DDFF23051202000000000016"
  qty: 1
  referenceNo: "151"
  orderId: "8b1a8305-659a-4814-a412-b6b5a9e1db5f"
  type: "Bill Item"
  sourceId: "bcd806bc-86c8-457c-bc7c-6662757ecaa7"
  Expenses:CostOfSales:Purchase:PurchaseItem:BuyGoldJewelry 1721.01 CNY
  category: "Gold Jewelry"
  sku: "DDFF23051202000000000018"
  qty: 1
  referenceNo: "151"
  orderId: "8b1a8305-659a-4814-a412-b6b5a9e1db5f"
  type: "Bill Item"
  sourceId: "b87e3f95-a859-428f-8b39-5abf6037a7c9"
  Expenses:CostOfSales:Purchase:PurchaseItem:BuyGoldJewelry 1137.93 CNY
  category: "Gold Jewelry"
  sku: "DDFF23051202000000000019"
  qty: 1
  referenceNo: "151"
  orderId: "8b1a8305-659a-4814-a412-b6b5a9e1db5f"
  type: "Bill Item"
  sourceId: "c70a79ac-9144-412f-8a03-70f4257576ba"
  Expenses:CostOfSales:Purchase:PurchaseItem:BuyGoldJewelry 1133.23 CNY
  category: "Gold Jewelry"
  sku: "DDFF23051202000000000020"
  qty: 1
  referenceNo: "151"
  orderId: "8b1a8305-659a-4814-a412-b6b5a9e1db5f"
  type: "Bill Item"
  sourceId: "c11e14f9-53ea-479b-acc2-2462e405dbb6"
  Expenses:CostOfSales:Purchase:PurchaseItem:BuyGoldJewelry 374.63 CNY
  category: "Gold Jewelry"
  sku: "DDFF2305120A000000000008"
  qty: 1
  referenceNo: "151"
  orderId: "8b1a8305-659a-4814-a412-b6b5a9e1db5f"
  type: "Bill Item"
  sourceId: "66f607d9-e049-4164-9f22-869925cd5257"
  Expenses:CostOfSales:Purchase:PurchaseItem:BuyGoldJewelry 735.04 CNY
  category: "Gold Jewelry"
  sku: "DDFF2305120A000000000009"
  qty: 1
  referenceNo: "151"
  orderId: "8b1a8305-659a-4814-a412-b6b5a9e1db5f"
  type: "Bill Item"
  sourceId: "f3d2485f-4ec9-4392-947e-7fdf0369535e"
  Expenses:CostOfSales:Purchase:PurchaseItem:BuyGoldJewelry 588.03 CNY
  category: "Gold Jewelry"
  sku: "DDFF2305120A000000000010"
  qty: 1
  referenceNo: "151"
  orderId: "8b1a8305-659a-4814-a412-b6b5a9e1db5f"
  type: "Bill Item"
  sourceId: "bd439e7a-24bd-4e4c-b39b-36fc159e9875"
  Expenses:CostOfSales:Purchase:PurchaseItem:BuyGoldJewelry 573.81 CNY
  category: "Gold Jewelry"
  sku: "DDFF2305120A000000000011"
  qty: 1
  referenceNo: "151"
  orderId: "8b1a8305-659a-4814-a412-b6b5a9e1db5f"
  type: "Bill Item"
  sourceId: "c7c9b50e-541a-4dd5-808a-4cc14c10c755"
  Expenses:CostOfSales:Purchase:PurchaseItem:BuyGoldJewelry 720.81 CNY
  category: "Gold Jewelry"
  sku: "DDFF2305120A000000000012"
  qty: 1
  referenceNo: "151"
  orderId: "8b1a8305-659a-4814-a412-b6b5a9e1db5f"
  type: "Bill Item"
  sourceId: "b9746239-65bf-4b4b-b3b1-67390e5ff88f"
  Expenses:CostOfSales:Purchase:PurchaseItem:BuyGoldJewelry 559.58 CNY
  category: "Gold Jewelry"
  sku: "DDFF2305120A000000000013"
  qty: 1
  referenceNo: "151"
  orderId: "8b1a8305-659a-4814-a412-b6b5a9e1db5f"
  type: "Bill Item"
  sourceId: "9f9c6e98-19e2-494e-9ec5-34769e9f07d8"
  Expenses:CostOfSales:Purchase:PurchaseItem:BuyGoldJewelry 569.06 CNY
  category: "Gold Jewelry"
  sku: "DDFF2305120A000000000014"
  qty: 1
  referenceNo: "151"
  orderId: "8b1a8305-659a-4814-a412-b6b5a9e1db5f"
  type: "Bill Item"
  sourceId: "998def61-6530-40cc-85ce-0a4b998cadcc"
  Expenses:CostOfSales:Purchase:PurchaseItem:BuyGoldJewelry 616.49 CNY
  category: "Gold Jewelry"
  sku: "DDFF2305120A000000000015"
  qty: 1
  referenceNo: "151"
  orderId: "8b1a8305-659a-4814-a412-b6b5a9e1db5f"
  type: "Bill Item"
  sourceId: "14cfe125-f70c-4544-8253-7c3d40ae3f15"
  Expenses:CostOfSales:Purchase:PurchaseItem:BuyGoldJewelry 535.87 CNY
  category: "Gold Jewelry"
  sku: "DDFF2305120A000000000016"
  qty: 1
  referenceNo: "151"
  orderId: "8b1a8305-659a-4814-a412-b6b5a9e1db5f"
  type: "Bill Item"
  sourceId: "d41509a7-a3a2-483f-86d6-f24eb0d2325e"
  Expenses:CostOfSales:Purchase:PurchaseItem:BuyGoldJewelry 436.28 CNY
  category: "Gold Jewelry"
  sku: "DDFF2305120A000000000017"
  qty: 1
  referenceNo: "151"
  orderId: "8b1a8305-659a-4814-a412-b6b5a9e1db5f"
  type: "Bill Item"
  sourceId: "c02d9ac3-0ddf-4de1-8033-42e6f30dc211"
  Expenses:CostOfSales:Purchase:PurchaseItem:BuyGoldJewelry 398.34 CNY
  category: "Gold Jewelry"
  sku: "DDFF2305120A000000000018"
  qty: 1
  referenceNo: "151"
  orderId: "8b1a8305-659a-4814-a412-b6b5a9e1db5f"
  type: "Bill Item"
  sourceId: "a9c0cd56-a45b-4a20-b493-1de1575cb4ed"
  Expenses:CostOfSales:Purchase:PurchaseItem:BuyGoldJewelry 312.99 CNY
  category: "Gold Jewelry"
  sku: "DDFF2305120A000000000019"
  qty: 1
  referenceNo: "151"
  orderId: "8b1a8305-659a-4814-a412-b6b5a9e1db5f"
  type: "Bill Item"
  sourceId: "6bff732f-7556-42d3-83fb-f6b217830757"
  Expenses:CostOfSales:Purchase:PurchaseItem:BuyGoldJewelry 516.90 CNY
  category: "Gold Jewelry"
  sku: "DDFF2305120A000000000020"
  qty: 1
  referenceNo: "151"
  orderId: "8b1a8305-659a-4814-a412-b6b5a9e1db5f"
  type: "Bill Item"
  sourceId: "1441d83c-4177-4510-a663-d89beb6b66be"
  Expenses:CostOfSales:Purchase:PurchaseItem:BuyGoldJewelry 474.22 CNY
  category: "Gold Jewelry"
  sku: "DDFF2305120A000000000021"
  qty: 1
  referenceNo: "151"
  orderId: "8b1a8305-659a-4814-a412-b6b5a9e1db5f"
  type: "Bill Item"
  sourceId: "1bd4ebd0-23bd-4918-a5ed-cdb8900b1e0b"
  Expenses:CostOfSales:Purchase:PurchaseItem:BuyGoldJewelry 360.41 CNY
  category: "Gold Jewelry"
  sku: "DDFF2305120A000000000022"
  qty: 1
  referenceNo: "151"
  orderId: "8b1a8305-659a-4814-a412-b6b5a9e1db5f"
  type: "Bill Item"
  sourceId: "a1df00f9-3fe3-4f03-8457-a8c17f9a75eb"
  Expenses:CostOfSales:Purchase:PurchaseItem:BuyGoldJewelry 303.50 CNY
  category: "Gold Jewelry"
  sku: "DDFF2305120A000000000023"
  qty: 1
  referenceNo: "151"
  orderId: "8b1a8305-659a-4814-a412-b6b5a9e1db5f"
  type: "Bill Item"
  sourceId: "c250b333-2780-4a7b-8f3b-7ab3d771aef4"
  Expenses:CostOfSales:Purchase:PurchaseItem:BuyGoldJewelry 673.39 CNY
  category: "Gold Jewelry"
  sku: "DDFF2305120A000000000024"
  qty: 1
  referenceNo: "151"
  orderId: "8b1a8305-659a-4814-a412-b6b5a9e1db5f"
  type: "Bill Item"
  sourceId: "57a67aaa-0bb9-46e8-9e2a-bfc209ef27f5"
  Expenses:CostOfSales:Purchase:PurchaseItem:BuyGoldJewelry 616.49 CNY
  category: "Gold Jewelry"
  sku: "DDFF2305120A000000000025"
  qty: 1
  referenceNo: "151"
  orderId: "8b1a8305-659a-4814-a412-b6b5a9e1db5f"
  type: "Bill Item"
  sourceId: "acaade8a-394d-4b9d-aeb8-1bcc144511d0"
  Expenses:CostOfSales:Purchase:PurchaseItem:BuyGoldJewelry 540.61 CNY
  category: "Gold Jewelry"
  sku: "DDFF2305120A000000000026"
  qty: 1
  referenceNo: "151"
  orderId: "8b1a8305-659a-4814-a412-b6b5a9e1db5f"
  type: "Bill Item"
  sourceId: "815a0929-3622-4811-b620-df5815da91fb"
  Expenses:CostOfSales:Purchase:PurchaseItem:BuyGoldJewelry 3159.88 CNY
  category: "Gold Jewelry"
  sku: "DDFF2305120A000000000030"
  qty: 1
  referenceNo: "151"
  orderId: "8b1a8305-659a-4814-a412-b6b5a9e1db5f"
  type: "Bill Item"
  sourceId: "88ee43c5-6247-4530-81cd-974d5a382b89"
  Expenses:CostOfSales:Purchase:PurchaseItem:BuyGoldJewelry 2365.21 CNY
  category: "Gold Jewelry"
  sku: "DDFF2305120A000000000031"
  qty: 1
  referenceNo: "151"
  orderId: "8b1a8305-659a-4814-a412-b6b5a9e1db5f"
  type: "Bill Item"
  sourceId: "a8c4a834-9b97-4860-8d63-63c09611c18f"
  Expenses:CostOfSales:Purchase:PurchaseItem:BuyGoldJewelry 1744.52 CNY
  category: "Gold Jewelry"
  sku: "DDFF2305120A000000000032"
  qty: 1
  referenceNo: "151"
  orderId: "8b1a8305-659a-4814-a412-b6b5a9e1db5f"
  type: "Bill Item"
  sourceId: "755a82ec-74d9-4f80-9898-561a010e2e68"
  Expenses:CostOfSales:Purchase:PurchaseItem:BuyGoldJewelry 1358.94 CNY
  category: "Gold Jewelry"
  sku: "DDFF2305120A000000000033"
  qty: 1
  referenceNo: "151"
  orderId: "8b1a8305-659a-4814-a412-b6b5a9e1db5f"
  type: "Bill Item"
  sourceId: "2952cc5c-3f4d-48f0-94ee-efc0e479a07b"
  Expenses:CostOfSales:Purchase:PurchaseItem:BuyGoldJewelry 1095.61 CNY
  category: "Gold Jewelry"
  sku: "DDFF2305120A000000000034"
  qty: 1
  referenceNo: "151"
  orderId: "8b1a8305-659a-4814-a412-b6b5a9e1db5f"
  type: "Bill Item"
  sourceId: "35d97b2b-cf3d-4207-902a-fb6965e813e0"
  Expenses:CostOfSales:Purchase:PurchaseItem:BuyGoldJewelry 1152.04 CNY
  category: "Gold Jewelry"
  sku: "DDFF2305120A000000000035"
  qty: 1
  referenceNo: "151"
  orderId: "8b1a8305-659a-4814-a412-b6b5a9e1db5f"
  type: "Bill Item"
  sourceId: "15da133a-59e2-4f4d-8703-02fc4815f465"
  Expenses:CostOfSales:Purchase:PurchaseItem:BuyGoldJewelry 822.89 CNY
  category: "Gold Jewelry"
  sku: "DDFF2305120A000000000036"
  qty: 1
  referenceNo: "151"
  orderId: "8b1a8305-659a-4814-a412-b6b5a9e1db5f"
  type: "Bill Item"
  sourceId: "1e1867e9-95df-4570-bcaa-e026bb08fe41"
  Expenses:CostOfSales:Purchase:PurchaseItem:BuyGoldJewelry 291.54 CNY
  category: "Gold Jewelry"
  sku: "DDFF2305120A000000000037"
  qty: 1
  referenceNo: "151"
  orderId: "8b1a8305-659a-4814-a412-b6b5a9e1db5f"
  type: "Bill Item"
  sourceId: "a92f9a2a-f803-4cb9-9fd4-4627dcae3dd4"
  Expenses:CostOfSales:Purchase:PurchaseItem:BuyGoldJewelry 531.35 CNY
  category: "Gold Jewelry"
  sku: "DDFF2305120A000000000038"
  qty: 1
  referenceNo: "151"
  orderId: "8b1a8305-659a-4814-a412-b6b5a9e1db5f"
  type: "Bill Item"
  sourceId: "d6599abd-4585-4f7c-ace4-707f8d55ed01"
  Expenses:CostOfSales:Purchase:PurchaseItem:BuyGoldJewelry 296.24 CNY
  category: "Gold Jewelry"
  sku: "DDFF2305120A000000000039"
  qty: 1
  referenceNo: "151"
  orderId: "8b1a8305-659a-4814-a412-b6b5a9e1db5f"
  type: "Bill Item"
  sourceId: "f14b404b-6b33-4926-8de7-bfc791a1bb2d"
  Expenses:CostOfSales:Purchase:PurchaseItem:BuyGoldJewelry 380.88 CNY
  category: "Gold Jewelry"
  sku: "DDFF2305120A000000000040"
  qty: 1
  referenceNo: "151"
  orderId: "8b1a8305-659a-4814-a412-b6b5a9e1db5f"
  type: "Bill Item"
  sourceId: "14073a46-3105-4a1e-bc29-e1bf0d594791"
  Expenses:CostOfSales:Purchase:PurchaseItem:BuyGoldJewelry 611.29 CNY
  category: "Gold Jewelry"
  sku: "DDFF2305120A000000000041"
  qty: 1
  referenceNo: "151"
  orderId: "8b1a8305-659a-4814-a412-b6b5a9e1db5f"
  type: "Bill Item"
  sourceId: "92162c7d-c6e0-4859-9681-f1925d7d67c6"
  Expenses:CostOfSales:Purchase:PurchaseItem:BuyGoldJewelry 601.88 CNY
  category: "Gold Jewelry"
  sku: "DDFF2305120A000000000042"
  qty: 1
  referenceNo: "151"
  orderId: "8b1a8305-659a-4814-a412-b6b5a9e1db5f"
  type: "Bill Item"
  sourceId: "7ae02a4f-640d-46ba-904d-13a2bbb38671"
  Expenses:CostOfSales:Purchase:PurchaseItem:BuyGoldJewelry 648.90 CNY
  category: "Gold Jewelry"
  sku: "DDFF2305120A000000000043"
  qty: 1
  referenceNo: "151"
  orderId: "8b1a8305-659a-4814-a412-b6b5a9e1db5f"
  type: "Bill Item"
  sourceId: "ad7c28ce-a08b-42f3-b17b-a7fb4cb343e3"
  Expenses:CostOfSales:Purchase:PurchaseItem:BuyGoldJewelry 427.90 CNY
  category: "Gold Jewelry"
  sku: "DDFF2305120A000000000044"
  qty: 1
  referenceNo: "151"
  orderId: "8b1a8305-659a-4814-a412-b6b5a9e1db5f"
  type: "Bill Item"
  sourceId: "8dc6e8b7-f83f-4e95-a3a8-dd97a8d37326"
  Expenses:CostOfSales:Purchase:PurchaseItem:BuyGoldJewelry 413.79 CNY
  category: "Gold Jewelry"
  sku: "DDFF2305120A000000000045"
  qty: 1
  referenceNo: "151"
  orderId: "8b1a8305-659a-4814-a412-b6b5a9e1db5f"
  type: "Bill Item"
  sourceId: "e3b63611-3c63-4afa-aff6-a44a1da546aa"
  Expenses:CostOfSales:Purchase:PurchaseItem:BuyGoldJewelry 371.47 CNY
  category: "Gold Jewelry"
  sku: "DDFF2305120A000000000046"
  qty: 1
  referenceNo: "151"
  orderId: "8b1a8305-659a-4814-a412-b6b5a9e1db5f"
  type: "Bill Item"
  sourceId: "2222bcf5-9ac5-4194-b95a-6bd42f86d6a0"
  Expenses:CostOfSales:Purchase:PurchaseItem:BuyGoldJewelry 357.37 CNY
  category: "Gold Jewelry"
  sku: "DDFF2305120A000000000047"
  qty: 1
  referenceNo: "151"
  orderId: "8b1a8305-659a-4814-a412-b6b5a9e1db5f"
  type: "Bill Item"
  sourceId: "95a88df6-bb8d-4103-8345-4149e710d40e"
  Expenses:CostOfSales:Purchase:PurchaseItem:BuyGoldJewelry 371.47 CNY
  category: "Gold Jewelry"
  sku: "DDFF2305120A000000000048"
  qty: 1
  referenceNo: "151"
  orderId: "8b1a8305-659a-4814-a412-b6b5a9e1db5f"
  type: "Bill Item"
  sourceId: "2d16ec47-024f-4dc7-b14a-c9016eb7f6be"
  Expenses:CostOfSales:Purchase:PurchaseItem:BuyGoldJewelry 366.77 CNY
  category: "Gold Jewelry"
  sku: "DDFF2305120A000000000049"
  qty: 1
  referenceNo: "151"
  orderId: "8b1a8305-659a-4814-a412-b6b5a9e1db5f"
  type: "Bill Item"
  sourceId: "a7ca28e0-cd87-4ff4-96fd-f78eea71dc8f"
  Expenses:CostOfSales:Purchase:PurchaseItem:BuyGoldJewelry 352.67 CNY
  category: "Gold Jewelry"
  sku: "DDFF2305120A000000000050"
  qty: 1
  referenceNo: "151"
  orderId: "8b1a8305-659a-4814-a412-b6b5a9e1db5f"
  type: "Bill Item"
  sourceId: "0de13a46-ec93-4176-9c22-a926e99b6128"
  Expenses:CostOfSales:Purchase:PurchaseItem:BuyGoldJewelry 362.07 CNY
  category: "Gold Jewelry"
  sku: "DDFF2305120A000000000051"
  qty: 1
  referenceNo: "151"
  orderId: "8b1a8305-659a-4814-a412-b6b5a9e1db5f"
  type: "Bill Item"
  sourceId: "979a243a-276c-47f7-b607-a03ade281627"
  Expenses:CostOfSales:Purchase:PurchaseItem:BuyGoldJewelry 653.61 CNY
  category: "Gold Jewelry"
  sku: "DDFF2305120A000000000052"
  qty: 1
  referenceNo: "151"
  orderId: "8b1a8305-659a-4814-a412-b6b5a9e1db5f"
  type: "Bill Item"
  sourceId: "e19b01ab-af28-4210-80d6-2f4f98d2c39d"
  Expenses:CostOfSales:Purchase:PurchaseItem:BuyGoldJewelry 620.69 CNY
  category: "Gold Jewelry"
  sku: "DDFF2305120A000000000053"
  qty: 1
  referenceNo: "151"
  orderId: "8b1a8305-659a-4814-a412-b6b5a9e1db5f"
  type: "Bill Item"
  sourceId: "445f4497-a471-4f83-bc0b-09d6e573fdeb"
  Expenses:CostOfSales:Purchase:PurchaseItem:BuyGoldJewelry 658.31 CNY
  category: "Gold Jewelry"
  sku: "DDFF2305120A000000000054"
  qty: 1
  referenceNo: "151"
  orderId: "8b1a8305-659a-4814-a412-b6b5a9e1db5f"
  type: "Bill Item"
  sourceId: "aae46dc4-e426-43c8-a7b4-52a4fac0bae5"
  Expenses:CostOfSales:Purchase:PurchaseItem:BuyGoldJewelry 324.45 CNY
  category: "Gold Jewelry"
  sku: "DDFF2305120A000000000055"
  qty: 1
  referenceNo: "151"
  orderId: "8b1a8305-659a-4814-a412-b6b5a9e1db5f"
  type: "Bill Item"
  sourceId: "1f4bc3e9-eb96-4419-9d43-781f14feec03"
  Expenses:CostOfSales:Purchase:PurchaseItem:BuyGoldJewelry 343.26 CNY
  category: "Gold Jewelry"
  sku: "DDFF2305120A000000000056"
  qty: 1
  referenceNo: "151"
  orderId: "8b1a8305-659a-4814-a412-b6b5a9e1db5f"
  type: "Bill Item"
  sourceId: "b1b13a52-de85-418c-97b2-f1832a04a4b9"
  Expenses:CostOfSales:Purchase:PurchaseItem:BuyGoldJewelry 413.79 CNY
  category: "Gold Jewelry"
  sku: "DDFF2305120A000000000057"
  qty: 1
  referenceNo: "151"
  orderId: "8b1a8305-659a-4814-a412-b6b5a9e1db5f"
  type: "Bill Item"
  sourceId: "a4c64c93-efac-4845-bbc4-e26a83f8b0bf"
  Expenses:CostOfSales:Purchase:PurchaseItem:BuyGoldJewelry 1970.22 CNY
  category: "Gold Jewelry"
  sku: "DDFF23051202000000000017"
  qty: 1
  referenceNo: "151"
  orderId: "8b1a8305-659a-4814-a412-b6b5a9e1db5f"
  type: "Bill Item"
  sourceId: "929cd86c-26f4-4091-b46c-e14aabb31a17"
  Liabilities:CurrentLiabilities:AccountPayable
  referenceNo: "151"
  orderId: "8b1a8305-659a-4814-a412-b6b5a9e1db5f"
  type: "Bill"
  sourceId: "8b1a8305-659a-4814-a412-b6b5a9e1db5f"
  contact: "998 12345842 (粵豪珠寶) [d452a034-9f5a-4b05-b8d6-6e1c7ed56ec4]"
2023-05-09 * "Bill #857 JS202305090552 - 拖工費"
  referenceNo: "857"
  orderId: "90084a1b-a860-438f-80ba-506c51dfc091"
  type: "Bill"
  Expenses:CostOfSales:Purchase:PurchaseItem:BuyCost-ProcessingFee 3613.00 CNY
  qty: "1"
  description: "拖工費"
  referenceNo: "857"
  orderId: "90084a1b-a860-438f-80ba-506c51dfc091"
  type: "Bill Item"
  sourceId: "71f52ebc-5e80-4559-a0fe-32a5e508ca45"
  Liabilities:CurrentLiabilities:AccountPayable
  referenceNo: "857"
  orderId: "90084a1b-a860-438f-80ba-506c51dfc091"
  type: "Bill"
  sourceId: "90084a1b-a860-438f-80ba-506c51dfc091"
  contact: "998 12345842 (粵豪珠寶) [d452a034-9f5a-4b05-b8d6-6e1c7ed56ec4]"
2023-05-09 * "Bill #165 JS202305090466"
  referenceNo: "165"
  orderId: "fc69bacc-aec6-493e-94ce-cf58a0785d7c"
  type: "Bill"
  Expenses:CostOfSales:Purchase:PurchaseItem:BuyGoldJewelry 16947.70 CNY
  category: "Gold Jewelry"
  sku: "DDFF2305120C000000000001"
  qty: 1
  referenceNo: "165"
  orderId: "fc69bacc-aec6-493e-94ce-cf58a0785d7c"
  type: "Bill Item"
  sourceId: "e77adced-7983-4ebd-9a2e-7d0946328701"
  Expenses:CostOfSales:Purchase:PurchaseItem:BuyGoldJewelry 16947.70 CNY
  category: "Gold Jewelry"
  sku: "DDFF2305120C000000000002"
  qty: 1
  referenceNo: "165"
  orderId: "fc69bacc-aec6-493e-94ce-cf58a0785d7c"
  type: "Bill Item"
  sourceId: "604cdac7-97af-46da-8317-f3981889101d"
  Expenses:CostOfSales:Purchase:PurchaseItem:BuyGoldJewelry 3066.47 CNY
  category: "Gold Jewelry"
  sku: "DDFF23051206000000000007"
  qty: 1
  referenceNo: "165"
  orderId: "fc69bacc-aec6-493e-94ce-cf58a0785d7c"
  type: "Bill Item"
  sourceId: "e383f058-557b-4adf-944e-176de743ec3e"
  Expenses:CostOfSales:Purchase:PurchaseItem:BuyGoldJewelry 4135.37 CNY
  category: "Gold Jewelry"
  sku: "DDFF23051205000000000023"
  qty: 1
  referenceNo: "165"
  orderId: "fc69bacc-aec6-493e-94ce-cf58a0785d7c"
  type: "Bill Item"
  sourceId: "2925301b-577b-4839-b9ff-93e237ab8cab"
  Expenses:CostOfSales:Purchase:PurchaseItem:BuyGoldJewelry 4112.06 CNY
  category: "Gold Jewelry"
  sku: "DDFF23051205000000000024"
  qty: 1
  referenceNo: "165"
  orderId: "fc69bacc-aec6-493e-94ce-cf58a0785d7c"
  type: "Bill Item"
  sourceId: "d30e2f09-175e-44ac-b66a-c48cc2469c8c"
  Expenses:CostOfSales:Purchase:PurchaseItem:BuyGoldJewelry 2725.04 CNY
  category: "Gold Jewelry"
  sku: "DDFF23051204000000000034"
  qty: 1
  referenceNo: "165"
  orderId: "fc69bacc-aec6-493e-94ce-cf58a0785d7c"
  type: "Bill Item"
  sourceId: "a8d757aa-8701-4bfb-befd-c58cad09357e"
  Expenses:CostOfSales:Purchase:PurchaseItem:BuyGoldJewelry 0.00 CNY
  category: "Gold Jewelry"
  sku: "DDFF23051204000000000035"
  qty: 1
  referenceNo: "165"
  orderId: "fc69bacc-aec6-493e-94ce-cf58a0785d7c"
  type: "Bill Item"
  sourceId: "7d56499d-116e-4b38-875f-9cd609a80450"
  Expenses:CostOfSales:Purchase:PurchaseItem:BuyGoldJewelry 6907.39 CNY
  category: "Gold Jewelry"
  sku: "DDFF23051204000000000036"
  qty: 1
  referenceNo: "165"
  orderId: "fc69bacc-aec6-493e-94ce-cf58a0785d7c"
  type: "Bill Item"
  sourceId: "4cc40f47-f770-4c52-bfd9-d58f3ec2089f"
  Expenses:CostOfSales:Purchase:PurchaseItem:BuyGoldJewelry 8857.32 CNY
  category: "Gold Jewelry"
  sku: "DDFF23051204000000000037"
  qty: 1
  referenceNo: "165"
  orderId: "fc69bacc-aec6-493e-94ce-cf58a0785d7c"
  type: "Bill Item"
  sourceId: "2a7c244c-ffa9-4156-94c1-7c16076fa024"
  Expenses:CostOfSales:Purchase:PurchaseItem:BuyGoldJewelry 6383.03 CNY
  category: "Gold Jewelry"
  sku: "DDFF23051204000000000038"
  qty: 1
  referenceNo: "165"
  orderId: "fc69bacc-aec6-493e-94ce-cf58a0785d7c"
  type: "Bill Item"
  sourceId: "fe4dfe00-5ca6-4258-8bd2-6a5bf6ca9b67"
  Expenses:CostOfSales:Purchase:PurchaseItem:BuyGoldJewelry 5440.66 CNY
  category: "Gold Jewelry"
  sku: "DDFF23051204000000000039"
  qty: 1
  referenceNo: "165"
  orderId: "fc69bacc-aec6-493e-94ce-cf58a0785d7c"
  type: "Bill Item"
  sourceId: "dc51e2fc-34f9-43de-8031-398e855f34a7"
  Expenses:CostOfSales:Purchase:PurchaseItem:BuyGoldJewelry 14608.46 CNY
  category: "Gold Jewelry"
  sku: "DDFF23051204000000000040"
  qty: 1
  referenceNo: "165"
  orderId: "fc69bacc-aec6-493e-94ce-cf58a0785d7c"
  type: "Bill Item"
  sourceId: "ee86c0ad-c35f-4830-9f38-a5cb43fd7aec"
  Expenses:CostOfSales:Purchase:PurchaseItem:BuyGoldJewelry 4331.17 CNY
  category: "Gold Jewelry"
  sku: "DDFF23051204000000000041"
  qty: 1
  referenceNo: "165"
  orderId: "fc69bacc-aec6-493e-94ce-cf58a0785d7c"
  type: "Bill Item"
  sourceId: "35a605c5-8884-42ee-9f0e-070d8c3610d1"
  Expenses:CostOfSales:Purchase:PurchaseItem:BuyGoldJewelry 7613.21 CNY
  category: "Gold Jewelry"
  sku: "DDFF23051204000000000042"
  qty: 1
  referenceNo: "165"
  orderId: "fc69bacc-aec6-493e-94ce-cf58a0785d7c"
  type: "Bill Item"
  sourceId: "978a0dd5-ce83-4c84-8604-ed03a7e2bc57"
  Expenses:CostOfSales:Purchase:PurchaseItem:BuyGoldJewelry 16730.49 CNY
  category: "Gold Jewelry"
  sku: "DDFF23051204000000000043"
  qty: 1
  referenceNo: "165"
  orderId: "fc69bacc-aec6-493e-94ce-cf58a0785d7c"
  type: "Bill Item"
  sourceId: "c5900cff-16d3-45bb-9d58-4532f7b62fa2"
  Expenses:CostOfSales:Purchase:PurchaseItem:BuyGoldJewelry 13768.77 CNY
  category: "Gold Jewelry"
  sku: "DDFF23051204000000000044"
  qty: 1
  referenceNo: "165"
  orderId: "fc69bacc-aec6-493e-94ce-cf58a0785d7c"
  type: "Bill Item"
  sourceId: "9c2b3685-8680-408b-a3b4-cdea344f71a7"
  Expenses:CostOfSales:Purchase:PurchaseItem:BuyGoldJewelry 10672.42 CNY
  category: "Gold Jewelry"
  sku: "DDFF23051204000000000045"
  qty: 1
  referenceNo: "165"
  orderId: "fc69bacc-aec6-493e-94ce-cf58a0785d7c"
  type: "Bill Item"
  sourceId: "1b5f5770-adc2-45e3-81a4-b00b2b92d200"
  Expenses:CostOfSales:Purchase:PurchaseItem:BuyGoldJewelry 12761.41 CNY
  category: "Gold Jewelry"
  sku: "DDFF23051204000000000046"
  qty: 1
  referenceNo: "165"
  orderId: "fc69bacc-aec6-493e-94ce-cf58a0785d7c"
  type: "Bill Item"
  sourceId: "8e1d631a-59d6-4645-aacd-962353734581"
  Expenses:CostOfSales:Purchase:PurchaseItem:BuyGoldJewelry 7121.13 CNY
  category: "Gold Jewelry"
  sku: "DDFF23051204000000000047"
  qty: 1
  referenceNo: "165"
  orderId: "fc69bacc-aec6-493e-94ce-cf58a0785d7c"
  type: "Bill Item"
  sourceId: "110f99b9-00c6-4200-a795-771791af180a"
  Expenses:CostOfSales:Purchase:PurchaseItem:BuyGoldJewelry 7274.33 CNY
  category: "Gold Jewelry"
  sku: "DDFF23051204000000000048"
  qty: 1
  referenceNo: "165"
  orderId: "fc69bacc-aec6-493e-94ce-cf58a0785d7c"
  type: "Bill Item"
  sourceId: "5fe3144f-89cd-4fc8-b1ff-233ea1fbbfd6"
  Expenses:CostOfSales:Purchase:PurchaseItem:BuyGoldJewelry 7608.57 CNY
  category: "Gold Jewelry"
  sku: "DDFF23051204000000000049"
  qty: 1
  referenceNo: "165"
  orderId: "fc69bacc-aec6-493e-94ce-cf58a0785d7c"
  type: "Bill Item"
  sourceId: "903916c5-2c31-4b9d-bd13-80d486312e04"
  Expenses:CostOfSales:Purchase:PurchaseItem:BuyGoldJewelry 7130.42 CNY
  category: "Gold Jewelry"
  sku: "DDFF23051204000000000050"
  qty: 1
  referenceNo: "165"
  orderId: "fc69bacc-aec6-493e-94ce-cf58a0785d7c"
  type: "Bill Item"
  sourceId: "76541eee-a648-4538-a5b0-cebfba544d97"
  Expenses:CostOfSales:Purchase:PurchaseItem:BuyGoldJewelry 15983.09 CNY
  category: "Gold Jewelry"
  sku: "DDFF23051204000000000051"
  qty: 1
  referenceNo: "165"
  orderId: "fc69bacc-aec6-493e-94ce-cf58a0785d7c"
  type: "Bill Item"
  sourceId: "29d29a49-537a-4cc8-bb98-9af18a4f36cc"
  Expenses:CostOfSales:Purchase:PurchaseItem:BuyGoldJewelry 4999.65 CNY
  category: "Gold Jewelry"
  sku: "DDFF23051204000000000052"
  qty: 1
  referenceNo: "165"
  orderId: "fc69bacc-aec6-493e-94ce-cf58a0785d7c"
  type: "Bill Item"
  sourceId: "7ec1543e-c4b2-468a-be61-9163105cb042"
  Expenses:CostOfSales:Purchase:PurchaseItem:BuyGoldJewelry 6601.21 CNY
  category: "Gold Jewelry"
  sku: "DDFF23051204000000000053"
  qty: 1
  referenceNo: "165"
  orderId: "fc69bacc-aec6-493e-94ce-cf58a0785d7c"
  type: "Bill Item"
  sourceId: "faf14e9e-7c6c-4cea-b245-9f17ca6a78ab"
  Expenses:CostOfSales:Purchase:PurchaseItem:BuyGoldJewelry 9569.58 CNY
  category: "Gold Jewelry"
  sku: "DDFF23051203000000000012"
  qty: 1
  referenceNo: "165"
  orderId: "fc69bacc-aec6-493e-94ce-cf58a0785d7c"
  type: "Bill Item"
  sourceId: "72460a0b-5253-4a14-bffd-3eb395fba139"
  Expenses:CostOfSales:Purchase:PurchaseItem:BuyGoldJewelry 8156.39 CNY
  category: "Gold Jewelry"
  sku: "DDFF23051203000000000013"
  qty: 1
  referenceNo: "165"
  orderId: "fc69bacc-aec6-493e-94ce-cf58a0785d7c"
  type: "Bill Item"
  sourceId: "3c5629cb-a322-4de5-be1e-57741bd36484"
  Expenses:CostOfSales:Purchase:PurchaseItem:BuyGoldJewelry 5123.76 CNY
  category: "Gold Jewelry"
  sku: "DDFF23051203000000000014"
  qty: 1
  referenceNo: "165"
  orderId: "fc69bacc-aec6-493e-94ce-cf58a0785d7c"
  type: "Bill Item"
  sourceId: "e0b1bb3a-1a2d-4b76-bde3-09d02ae2953b"
  Expenses:CostOfSales:Purchase:PurchaseItem:BuyGoldJewelry 1305.42 CNY
  category: "Gold Jewelry"
  sku: "DDFF23051205000000000033"
  qty: 1
  referenceNo: "165"
  orderId: "fc69bacc-aec6-493e-94ce-cf58a0785d7c"
  type: "Bill Item"
  sourceId: "a15bdb4c-e72a-429e-a576-4d82ab7933ba"
  Expenses:CostOfSales:Purchase:PurchaseItem:BuyGoldJewelry 8993.38 CNY
  category: "Gold Jewelry"
  sku: "DDFF23051203000000000015"
  qty: 1
  referenceNo: "165"
  orderId: "fc69bacc-aec6-493e-94ce-cf58a0785d7c"
  type: "Bill Item"
  sourceId: "75fb982c-2d06-4161-aad3-4585f6f4ed47"
  Expenses:CostOfSales:Purchase:PurchaseItem:BuyGoldJewelry 7151.81 CNY
  category: "Gold Jewelry"
  sku: "DDFF23051203000000000016"
  qty: 1
  referenceNo: "165"
  orderId: "fc69bacc-aec6-493e-94ce-cf58a0785d7c"
  type: "Bill Item"
  sourceId: "dad22ab4-0907-46e3-a866-43f39e8931a0"
  Expenses:CostOfSales:Purchase:PurchaseItem:BuyGoldJewelry 9128.59 CNY
  category: "Gold Jewelry"
  sku: "DDFF23051203000000000017"
  qty: 1
  referenceNo: "165"
  orderId: "fc69bacc-aec6-493e-94ce-cf58a0785d7c"
  type: "Bill Item"
  sourceId: "07a62374-f113-4659-81b6-b6686fca6c03"
  Expenses:CostOfSales:Purchase:PurchaseItem:BuyGoldJewelry 7123.84 CNY
  category: "Gold Jewelry"
  sku: "DDFF23051203000000000018"
  qty: 1
  referenceNo: "165"
  orderId: "fc69bacc-aec6-493e-94ce-cf58a0785d7c"
  type: "Bill Item"
  sourceId: "dfdc78d0-9ff6-4a94-a266-6db18d0b992e"
  Expenses:CostOfSales:Purchase:PurchaseItem:BuyGoldJewelry 9021.36 CNY
  category: "Gold Jewelry"
  sku: "DDFF23051203000000000019"
  qty: 1
  referenceNo: "165"
  orderId: "fc69bacc-aec6-493e-94ce-cf58a0785d7c"
  type: "Bill Item"
  sourceId: "7917fd99-2777-4107-a11c-d2c3d11a68e3"
  Expenses:CostOfSales:Purchase:PurchaseItem:BuyGoldJewelry 13925.99 CNY
  category: "Gold Jewelry"
  sku: "DDFF23051203000000000020"
  qty: 1
  referenceNo: "165"
  orderId: "fc69bacc-aec6-493e-94ce-cf58a0785d7c"
  type: "Bill Item"
  sourceId: "afb3f304-d357-4d46-879e-b14c720aa2dc"
  Expenses:CostOfSales:Purchase:PurchaseItem:BuyGoldJewelry 9007.37 CNY
  category: "Gold Jewelry"
  sku: "DDFF23051203000000000021"
  qty: 1
  referenceNo: "165"
  orderId: "fc69bacc-aec6-493e-94ce-cf58a0785d7c"
  type: "Bill Item"
  sourceId: "8f26b990-1312-42dd-875f-7740f0c9543b"
  Expenses:CostOfSales:Purchase:PurchaseItem:BuyGoldJewelry 1510.55 CNY
  category: "Gold Jewelry"
  sku: "DDFF23051203000000000022"
  qty: 1
  referenceNo: "165"
  orderId: "fc69bacc-aec6-493e-94ce-cf58a0785d7c"
  type: "Bill Item"
  sourceId: "b2d55b1b-cdf9-49e8-b4dd-d7814346928c"
  Expenses:CostOfSales:Purchase:PurchaseItem:BuyGoldJewelry 1902.18 CNY
  category: "Gold Jewelry"
  sku: "DDFF23051203000000000023"
  qty: 1
  referenceNo: "165"
  orderId: "fc69bacc-aec6-493e-94ce-cf58a0785d7c"
  type: "Bill Item"
  sourceId: "739ddb37-d878-4ffb-97aa-f3a3af7e532d"
  Expenses:CostOfSales:Purchase:PurchaseItem:BuyGoldJewelry 8942.10 CNY
  category: "Gold Jewelry"
  sku: "DDFF23051203000000000024"
  qty: 1
  referenceNo: "165"
  orderId: "fc69bacc-aec6-493e-94ce-cf58a0785d7c"
  type: "Bill Item"
  sourceId: "6cfedb31-d132-43bc-8eb5-9ef5fb0aa901"
  Expenses:CostOfSales:Purchase:PurchaseItem:BuyGoldJewelry 1081.63 CNY
  category: "Gold Jewelry"
  sku: "DDFF23051205000000000025"
  qty: 1
  referenceNo: "165"
  orderId: "fc69bacc-aec6-493e-94ce-cf58a0785d7c"
  type: "Bill Item"
  sourceId: "b04d95d1-30f1-4c8f-8248-77b79cc7b936"
  Expenses:CostOfSales:Purchase:PurchaseItem:BuyGoldJewelry 1081.63 CNY
  category: "Gold Jewelry"
  sku: "DDFF23051205000000000026"
  qty: 1
  referenceNo: "165"
  orderId: "fc69bacc-aec6-493e-94ce-cf58a0785d7c"
  type: "Bill Item"
  sourceId: "67afaa10-d6e4-40ec-b43b-e8e4ef42ddfb"
  Expenses:CostOfSales:Purchase:PurchaseItem:BuyGoldJewelry 1081.63 CNY
  category: "Gold Jewelry"
  sku: "DDFF23051205000000000027"
  qty: 1
  referenceNo: "165"
  orderId: "fc69bacc-aec6-493e-94ce-cf58a0785d7c"
  type: "Bill Item"
  sourceId: "21e59626-dcdf-4365-a96e-89a334610c37"
  Expenses:CostOfSales:Purchase:PurchaseItem:BuyGoldJewelry 1081.63 CNY
  category: "Gold Jewelry"
  sku: "DDFF23051205000000000028"
  qty: 1
  referenceNo: "165"
  orderId: "fc69bacc-aec6-493e-94ce-cf58a0785d7c"
  type: "Bill Item"
  sourceId: "aacf0ecd-aa05-4415-b62b-1e3ecb2c6532"
  Expenses:CostOfSales:Purchase:PurchaseItem:BuyGoldJewelry 1081.63 CNY
  category: "Gold Jewelry"
  sku: "DDFF23051205000000000029"
  qty: 1
  referenceNo: "165"
  orderId: "fc69bacc-aec6-493e-94ce-cf58a0785d7c"
  type: "Bill Item"
  sourceId: "cab25987-367e-4037-9e32-0640ee1c3481"
  Expenses:CostOfSales:Purchase:PurchaseItem:BuyGoldJewelry 1305.42 CNY
  category: "Gold Jewelry"
  sku: "DDFF23051205000000000030"
  qty: 1
  referenceNo: "165"
  orderId: "fc69bacc-aec6-493e-94ce-cf58a0785d7c"
  type: "Bill Item"
  sourceId: "7867008b-92d6-4ce9-887b-3513c8c40e6b"
  Expenses:CostOfSales:Purchase:PurchaseItem:BuyGoldJewelry 1305.42 CNY
  category: "Gold Jewelry"
  sku: "DDFF23051205000000000031"
  qty: 1
  referenceNo: "165"
  orderId: "fc69bacc-aec6-493e-94ce-cf58a0785d7c"
  type: "Bill Item"
  sourceId: "67bbfcb4-600e-4ade-8e8b-6d01147a696f"
  Expenses:CostOfSales:Purchase:PurchaseItem:BuyGoldJewelry 1305.42 CNY
  category: "Gold Jewelry"
  sku: "DDFF23051205000000000032"
  qty: 1
  referenceNo: "165"
  orderId: "fc69bacc-aec6-493e-94ce-cf58a0785d7c"
  type: "Bill Item"
  sourceId: "c8e34dc6-34dc-4829-81da-843b5e5e8409"
  Expenses:CostOfSales:Purchase:PurchaseItem:BuyGoldJewelry 1338.05 CNY
  category: "Gold Jewelry"
  sku: "DDFF23051205000000000034"
  qty: 1
  referenceNo: "165"
  orderId: "fc69bacc-aec6-493e-94ce-cf58a0785d7c"
  type: "Bill Item"
  sourceId: "96fa0478-80d6-4a5d-83c2-b9ef4e6b7728"
  Expenses:CostOfSales:Purchase:PurchaseItem:BuyGoldJewelry 2228.53 CNY
  category: "Gold Jewelry"
  sku: "DDFF2305120A000000000058"
  qty: 1
  referenceNo: "165"
  orderId: "fc69bacc-aec6-493e-94ce-cf58a0785d7c"
  type: "Bill Item"
  sourceId: "d1e6cd6c-badf-4114-9821-35e9fbc0069a"
  Expenses:CostOfSales:Purchase:PurchaseItem:BuyGoldJewelry 1268.12 CNY
  category: "Gold Jewelry"
  sku: "DDFF2305120A000000000059"
  qty: 1
  referenceNo: "165"
  orderId: "fc69bacc-aec6-493e-94ce-cf58a0785d7c"
  type: "Bill Item"
  sourceId: "9cdbc1fe-8adb-45a9-8e97-6a2718ea11fd"
  Expenses:CostOfSales:Purchase:PurchaseItem:BuyGoldJewelry 1300.75 CNY
  category: "Gold Jewelry"
  sku: "DDFF2305120A000000000060"
  qty: 1
  referenceNo: "165"
  orderId: "fc69bacc-aec6-493e-94ce-cf58a0785d7c"
  type: "Bill Item"
  sourceId: "53213acf-846a-4a37-b5ba-0a121b82708e"
  Expenses:CostOfSales:Purchase:PurchaseItem:BuyGoldJewelry 2135.29 CNY
  category: "Gold Jewelry"
  sku: "DDFF2305120A000000000061"
  qty: 1
  referenceNo: "165"
  orderId: "fc69bacc-aec6-493e-94ce-cf58a0785d7c"
  type: "Bill Item"
  sourceId: "e7007c31-3e51-4b14-b4ea-774d2f470dc2"
  Expenses:CostOfSales:Purchase:PurchaseItem:BuyGoldJewelry 769.26 CNY
  category: "Gold Jewelry"
  sku: "DDFF2305120A000000000062"
  qty: 1
  referenceNo: "165"
  orderId: "fc69bacc-aec6-493e-94ce-cf58a0785d7c"
  type: "Bill Item"
  sourceId: "de77595f-3b1a-43d4-acb1-a4d4b3b867f3"
  Expenses:CostOfSales:Purchase:PurchaseItem:BuyGoldJewelry 1095.62 CNY
  category: "Gold Jewelry"
  sku: "DDFF2305120A000000000063"
  qty: 1
  referenceNo: "165"
  orderId: "fc69bacc-aec6-493e-94ce-cf58a0785d7c"
  type: "Bill Item"
  sourceId: "6d88535e-11aa-4291-9905-9be6b935d366"
  Expenses:CostOfSales:Purchase:PurchaseItem:BuyGoldJewelry 1160.89 CNY
  category: "Gold Jewelry"
  sku: "DDFF2305120A000000000064"
  qty: 1
  referenceNo: "165"
  orderId: "fc69bacc-aec6-493e-94ce-cf58a0785d7c"
  type: "Bill Item"
  sourceId: "fb60dcb7-4673-489e-8c1e-751ae66387e7"
  Expenses:CostOfSales:Purchase:PurchaseItem:BuyGoldJewelry 129765.86 CNY
  category: "Gold Jewelry"
  sku: "DDFF23051203000000000025"
  qty: 1
  referenceNo: "165"
  orderId: "fc69bacc-aec6-493e-94ce-cf58a0785d7c"
  type: "Bill Item"
  sourceId: "338ca1e8-38a4-4da6-84fb-9212dc06ce85"
  Expenses:CostOfSales:Purchase:PurchaseItem:BuyGoldJewelry 10234.91 CNY
  category: "Gold Jewelry"
  sku: "DDFF23051206000000000008"
  qty: 1
  referenceNo: "165"
  orderId: "fc69bacc-aec6-493e-94ce-cf58a0785d7c"
  type: "Bill Item"
  sourceId: "f8d3e160-d141-433e-bc42-d7b5e763941c"
  Expenses:CostOfSales:Purchase:PurchaseItem:BuyGoldJewelry 6565.95 CNY
  category: "Gold Jewelry"
  sku: "DDFF23051205000000000035"
  qty: 1
  referenceNo: "165"
  orderId: "fc69bacc-aec6-493e-94ce-cf58a0785d7c"
  type: "Bill Item"
  sourceId: "4ecf0f4c-479a-48ac-8460-10ceee10e043"
  Expenses:CostOfSales:Purchase:PurchaseItem:BuyGoldJewelry 32002.90 CNY
  category: "Gold Jewelry"
  sku: "DDFF23051204000000000054"
  qty: 1
  referenceNo: "165"
  orderId: "fc69bacc-aec6-493e-94ce-cf58a0785d7c"
  type: "Bill Item"
  sourceId: "1f525624-711f-4a59-8047-2e3a4c7dc662"
  Liabilities:CurrentLiabilities:AccountPayable
  referenceNo: "165"
  orderId: "fc69bacc-aec6-493e-94ce-cf58a0785d7c"
  type: "Bill"
  sourceId: "fc69bacc-aec6-493e-94ce-cf58a0785d7c"
  contact: "998 12345842 (粵豪珠寶) [d452a034-9f5a-4b05-b8d6-6e1c7ed56ec4]"
2023-05-09 * "Bill #140 JS202305090643"
  referenceNo: "140"
  orderId: "68c2b4ac-b31f-46a6-83e7-1210a3660dcf"
  type: "Bill"
  Expenses:CostOfSales:Purchase:PurchaseItem:BuyGoldJewelry 22219.60 CNY
  category: "Gold Jewelry"
  sku: "DDFF2305120A000000000001"
  qty: 1
  referenceNo: "140"
  orderId: "68c2b4ac-b31f-46a6-83e7-1210a3660dcf"
  type: "Bill Item"
  sourceId: "7dd99907-9d49-40c1-98c3-90dc6347829d"
  Expenses:CostOfSales:Purchase:PurchaseItem:BuyGoldJewelry 4357.15 CNY
  category: "Gold Jewelry"
  sku: "DDFF23051203000000000001"
  qty: 1
  referenceNo: "140"
  orderId: "68c2b4ac-b31f-46a6-83e7-1210a3660dcf"
  type: "Bill Item"
  sourceId: "add6a21a-c174-4077-afad-d4ad9aeac844"
  Expenses:CostOfSales:Purchase:PurchaseItem:BuyGoldJewelry 9330.39 CNY
  category: "Gold Jewelry"
  sku: "DDFF23051203000000000002"
  qty: 1
  referenceNo: "140"
  orderId: "68c2b4ac-b31f-46a6-83e7-1210a3660dcf"
  type: "Bill Item"
  sourceId: "3f869cb8-0b8f-47f4-9f78-f94a7f893e59"
  Expenses:CostOfSales:Purchase:PurchaseItem:BuyGoldJewelry 45728.00 CNY
  category: "Gold Jewelry"
  sku: "DDFF23051203000000000003"
  qty: 1
  referenceNo: "140"
  orderId: "68c2b4ac-b31f-46a6-83e7-1210a3660dcf"
  type: "Bill Item"
  sourceId: "f323694c-8e3a-4afa-9930-1134423b4578"
  Expenses:CostOfSales:Purchase:PurchaseItem:BuyGoldJewelry 4315.44 CNY
  category: "Gold Jewelry"
  sku: "DDFF23051206000000000001"
  qty: 1
  referenceNo: "140"
  orderId: "68c2b4ac-b31f-46a6-83e7-1210a3660dcf"
  type: "Bill Item"
  sourceId: "92dad73c-fc99-4ffb-8b8f-5779202038a3"
  Expenses:CostOfSales:Purchase:PurchaseItem:BuyGoldJewelry 2610.89 CNY
  category: "Gold Jewelry"
  sku: "DDFF23051205000000000001"
  qty: 1
  referenceNo: "140"
  orderId: "68c2b4ac-b31f-46a6-83e7-1210a3660dcf"
  type: "Bill Item"
  sourceId: "342ea7e7-b116-42f8-97db-89454b249827"
  Expenses:CostOfSales:Purchase:PurchaseItem:BuyGoldJewelry 14076.81 CNY
  category: "Gold Jewelry"
  sku: "DDFF23051204000000000001"
  qty: 1
  referenceNo: "140"
  orderId: "68c2b4ac-b31f-46a6-83e7-1210a3660dcf"
  type: "Bill Item"
  sourceId: "807e45e8-55ff-4836-a3f4-3be36ca037b8"
  Liabilities:CurrentLiabilities:AccountPayable
  referenceNo: "140"
  orderId: "68c2b4ac-b31f-46a6-83e7-1210a3660dcf"
  type: "Bill"
  sourceId: "68c2b4ac-b31f-46a6-83e7-1210a3660dcf"
  contact: "998 12345842 (粵豪珠寶) [d452a034-9f5a-4b05-b8d6-6e1c7ed56ec4]"
2023-05-09 * "998 12345842 (粵豪珠寶) [d452a034-9f5a-4b05-b8d6-6e1c7ed56ec4]" "Bill Payment for Bill #178 #12cc2bba-ef4c-410a-a322-fd2adb3e2325"
  Liabilities:CurrentLiabilities:AccountPayable 56468.71 CNY
  contact: "998 12345842 (粵豪珠寶) [d452a034-9f5a-4b05-b8d6-6e1c7ed56ec4]"
  type: "Bill Payment"
  sourceId: "12cc2bba-ef4c-410a-a322-fd2adb3e2325"
  referenceNo: "178"
  orderId: "d1d20306-6012-444b-845a-c44c35b2e221"
  Assets:CurrentAssets:TradeDeposit:TradeDeposit-粵豪珠寶 -56468.71 CNY
  type: "Bill Payment"
  sourceId: "12cc2bba-ef4c-410a-a322-fd2adb3e2325"
  referenceNo: "178"
  orderId: "d1d20306-6012-444b-845a-c44c35b2e221"
2023-05-09 * "998 12345842 (粵豪珠寶) [d452a034-9f5a-4b05-b8d6-6e1c7ed56ec4]" "Bill Payment for Bill #164 #e037043b-08bf-465b-ae24-72e739778e60"
  Liabilities:CurrentLiabilities:AccountPayable 282031.53 CNY
  contact: "998 12345842 (粵豪珠寶) [d452a034-9f5a-4b05-b8d6-6e1c7ed56ec4]"
  type: "Bill Payment"
  sourceId: "e037043b-08bf-465b-ae24-72e739778e60"
  referenceNo: "164"
  orderId: "3aa657c0-25f5-4507-bd8e-faab413d3c02"
  Assets:CurrentAssets:TradeDeposit:TradeDeposit-粵豪珠寶 -282031.53 CNY
  type: "Bill Payment"
  sourceId: "e037043b-08bf-465b-ae24-72e739778e60"
  referenceNo: "164"
  orderId: "3aa657c0-25f5-4507-bd8e-faab413d3c02"
2023-05-09 * "998 12345842 (粵豪珠寶) [d452a034-9f5a-4b05-b8d6-6e1c7ed56ec4]" "Bill Payment for Bill #165 #4c6546d5-1b4e-4286-983c-8d4c5e8dd6c7"
  Liabilities:CurrentLiabilities:AccountPayable 483959.17 CNY
  contact: "998 12345842 (粵豪珠寶) [d452a034-9f5a-4b05-b8d6-6e1c7ed56ec4]"
  type: "Bill Payment"
  sourceId: "4c6546d5-1b4e-4286-983c-8d4c5e8dd6c7"
  referenceNo: "165"
  orderId: "fc69bacc-aec6-493e-94ce-cf58a0785d7c"
  Assets:CurrentAssets:TradeDeposit:TradeDeposit-粵豪珠寶 -483959.17 CNY
  type: "Bill Payment"
  sourceId: "4c6546d5-1b4e-4286-983c-8d4c5e8dd6c7"
  referenceNo: "165"
  orderId: "fc69bacc-aec6-493e-94ce-cf58a0785d7c"
2023-05-11 * "Bill #862 退貨單 : SO302023051100007129 (20230511) (-124.87g / 15件 )"
  referenceNo: "862"
  orderId: "e9001fb6-8cb1-49a7-a4bb-db6fb8189ae1"
  type: "Bill"
  Expenses:CostOfSales:Purchase:PurchaseItem:BuyCost-ProcessingFee -187.29 CNY
  qty: "1"
  description: "退貨單 : SO302023051100007129 (20230511) -124.87g / 15件  (-1459 + 1271.70)"
  referenceNo: "862"
  orderId: "e9001fb6-8cb1-49a7-a4bb-db6fb8189ae1"
  type: "Bill Item"
  sourceId: "007d7e84-59d6-4c68-9abe-68ecb9fcb0d3"
  Liabilities:CurrentLiabilities:AccountPayable
  referenceNo: "862"
  orderId: "e9001fb6-8cb1-49a7-a4bb-db6fb8189ae1"
  type: "Bill"
  sourceId: "e9001fb6-8cb1-49a7-a4bb-db6fb8189ae1"
  contact: "998 12345842 (粵豪珠寶) [d452a034-9f5a-4b05-b8d6-6e1c7ed56ec4]"
2023-05-12 * "Invoice #90 消數 - 退貨/維修 - JS202305090466(退貨), JS202305090533(維修)"
  Expenses:CostOfSales:Purchase:PurchaseItem:BuyGoldJewelry -0.00 CNY
  category: "Gold Jewelry"
  sku: "DDFF23051204000000000035"
  qty: 1
  referenceNo: "90"
  orderId: "1124dcd2-7dc1-49d5-89bb-34d4f9190509"
  type: "Invoice Item"
  sourceId: "caa2c91b-343f-46b8-a3b6-03f514548237"
  Assets:CurrentAssets:AccountReceivable
  referenceNo: "90"
  orderId: "1124dcd2-7dc1-49d5-89bb-34d4f9190509"
  type: "Invoice"
  sourceId: "1124dcd2-7dc1-49d5-89bb-34d4f9190509"
  contact: "998 12345842 (粵豪珠寶) [d452a034-9f5a-4b05-b8d6-6e1c7ed56ec4]"
2023-05-12 * "998 12345842 (粵豪珠寶) [d452a034-9f5a-4b05-b8d6-6e1c7ed56ec4]" "Bill Payment for Bill #857 #8fa03b48-4a57-40a1-a972-0c7a85b043af"
  Liabilities:CurrentLiabilities:AccountPayable 3613.00 CNY
  contact: "998 12345842 (粵豪珠寶) [d452a034-9f5a-4b05-b8d6-6e1c7ed56ec4]"
  type: "Bill Payment"
  sourceId: "8fa03b48-4a57-40a1-a972-0c7a85b043af"
  referenceNo: "857"
  orderId: "90084a1b-a860-438f-80ba-506c51dfc091"
  Assets:CurrentAssets:Cash:CashInHand -3613.00 CNY
  type: "Bill Payment"
  sourceId: "8fa03b48-4a57-40a1-a972-0c7a85b043af"
  referenceNo: "857"
  orderId: "90084a1b-a860-438f-80ba-506c51dfc091"
2023-05-12 * "998 12345842 (粵豪珠寶) [d452a034-9f5a-4b05-b8d6-6e1c7ed56ec4]" "Bill Payment for Bill #165 #dbafafd6-55eb-4beb-8962-7611e66f9376"
  Liabilities:CurrentLiabilities:AccountPayable 28820.76 CNY
  contact: "998 12345842 (粵豪珠寶) [d452a034-9f5a-4b05-b8d6-6e1c7ed56ec4]"
  type: "Bill Payment"
  sourceId: "dbafafd6-55eb-4beb-8962-7611e66f9376"
  referenceNo: "165"
  orderId: "fc69bacc-aec6-493e-94ce-cf58a0785d7c"
  Assets:CurrentAssets:Cash:CashInHand -28820.76 CNY
  type: "Bill Payment"
  sourceId: "dbafafd6-55eb-4beb-8962-7611e66f9376"
  referenceNo: "165"
  orderId: "fc69bacc-aec6-493e-94ce-cf58a0785d7c"
2023-05-12 * "998 12345842 (粵豪珠寶) [d452a034-9f5a-4b05-b8d6-6e1c7ed56ec4]" "Bill Payment for Bill #164 #a292c7d3-ac32-4a9a-81cc-2ccb765112c1"
  Liabilities:CurrentLiabilities:AccountPayable 7173.40 CNY
  contact: "998 12345842 (粵豪珠寶) [d452a034-9f5a-4b05-b8d6-6e1c7ed56ec4]"
  type: "Bill Payment"
  sourceId: "a292c7d3-ac32-4a9a-81cc-2ccb765112c1"
  referenceNo: "164"
  orderId: "3aa657c0-25f5-4507-bd8e-faab413d3c02"
  Assets:CurrentAssets:Cash:CashInHand -7173.40 CNY
  type: "Bill Payment"
  sourceId: "a292c7d3-ac32-4a9a-81cc-2ccb765112c1"
  referenceNo: "164"
  orderId: "3aa657c0-25f5-4507-bd8e-faab413d3c02"
2023-05-12 * "998 12345842 (粵豪珠寶) [d452a034-9f5a-4b05-b8d6-6e1c7ed56ec4]" "Bill Payment for Bill #151 #85e4de95-7155-4e46-a500-06449a675be5"
  Liabilities:CurrentLiabilities:AccountPayable 100260.63 CNY
  contact: "998 12345842 (粵豪珠寶) [d452a034-9f5a-4b05-b8d6-6e1c7ed56ec4]"
  type: "Bill Payment"
  sourceId: "85e4de95-7155-4e46-a500-06449a675be5"
  referenceNo: "151"
  orderId: "8b1a8305-659a-4814-a412-b6b5a9e1db5f"
  Assets:CurrentAssets:Cash:CashInHand -100260.63 CNY
  type: "Bill Payment"
  sourceId: "85e4de95-7155-4e46-a500-06449a675be5"
  referenceNo: "151"
  orderId: "8b1a8305-659a-4814-a412-b6b5a9e1db5f"
2023-05-12 * "998 12345842 (粵豪珠寶) [d452a034-9f5a-4b05-b8d6-6e1c7ed56ec4]" "Bill Payment for Bill #140 #24859399-9af7-418a-a04d-0863f64cb736"
  Liabilities:CurrentLiabilities:AccountPayable 102638.28 CNY
  contact: "998 12345842 (粵豪珠寶) [d452a034-9f5a-4b05-b8d6-6e1c7ed56ec4]"
  type: "Bill Payment"
  sourceId: "24859399-9af7-418a-a04d-0863f64cb736"
  referenceNo: "140"
  orderId: "68c2b4ac-b31f-46a6-83e7-1210a3660dcf"
  Assets:CurrentAssets:Cash:CashInHand -102638.28 CNY
  type: "Bill Payment"
  sourceId: "24859399-9af7-418a-a04d-0863f64cb736"
  referenceNo: "140"
  orderId: "68c2b4ac-b31f-46a6-83e7-1210a3660dcf"
2023-05-12 * "998 12345842 (粵豪珠寶) [d452a034-9f5a-4b05-b8d6-6e1c7ed56ec4]" "Bill Payment for Bill #178 #363f79b7-98e6-40c0-82a1-ffbdee76bed7"
  Liabilities:CurrentLiabilities:AccountPayable 18689.19 CNY
  contact: "998 12345842 (粵豪珠寶) [d452a034-9f5a-4b05-b8d6-6e1c7ed56ec4]"
  type: "Bill Payment"
  sourceId: "363f79b7-98e6-40c0-82a1-ffbdee76bed7"
  referenceNo: "178"
  orderId: "d1d20306-6012-444b-845a-c44c35b2e221"
  Assets:CurrentAssets:Cash:CashInHand -18689.19 CNY
  type: "Bill Payment"
  sourceId: "363f79b7-98e6-40c0-82a1-ffbdee76bed7"
  referenceNo: "178"
  orderId: "d1d20306-6012-444b-845a-c44c35b2e221"
2023-05-12 * "998 12345842 (粵豪珠寶) [d452a034-9f5a-4b05-b8d6-6e1c7ed56ec4]" "Bill Payment for Bill #862 #fad7af60-e1f1-4d0b-8a95-7fe66eeb228a"
  Liabilities:CurrentLiabilities:AccountPayable -187.29 CNY
  contact: "998 12345842 (粵豪珠寶) [d452a034-9f5a-4b05-b8d6-6e1c7ed56ec4]"
  type: "Bill Payment"
  sourceId: "fad7af60-e1f1-4d0b-8a95-7fe66eeb228a"
  referenceNo: "862"
  orderId: "e9001fb6-8cb1-49a7-a4bb-db6fb8189ae1"
  Assets:CurrentAssets:Cash:CashInHand --187.29 CNY
  type: "Bill Payment"
  sourceId: "fad7af60-e1f1-4d0b-8a95-7fe66eeb228a"
  referenceNo: "862"
  orderId: "e9001fb6-8cb1-49a7-a4bb-db6fb8189ae1"
2023-05-12 * "Bill #198 EPS 23年4月手續費"
  referenceNo: "198"
  orderId: "aede4881-b38d-49a4-8200-0eb4af3eaf0d"
  type: "Bill"
  Expenses:GeneralExpense:BankFeesExpense 410.00 HKD
  qty: "1"
  description: "EPS 23年4月手續費"
  referenceNo: "198"
  orderId: "aede4881-b38d-49a4-8200-0eb4af3eaf0d"
  type: "Bill Item"
  sourceId: "3defa688-83fe-4a86-89da-716137d41612"
  Liabilities:CurrentLiabilities:AccountPayable
  referenceNo: "198"
  orderId: "aede4881-b38d-49a4-8200-0eb4af3eaf0d"
  type: "Bill"
  sourceId: "aede4881-b38d-49a4-8200-0eb4af3eaf0d"
  contact: "880 806 () [53b8789a-4451-4a1f-84f7-a9c5da7ada1a]"
2023-05-12 * "880 806 () [53b8789a-4451-4a1f-84f7-a9c5da7ada1a]" "Bill Payment for Bill #198 #fbf2cf58-9eff-495a-9486-243403c42586"
  Liabilities:CurrentLiabilities:AccountPayable 410.00 HKD
  contact: "880 806 () [53b8789a-4451-4a1f-84f7-a9c5da7ada1a]"
  type: "Bill Payment"
  sourceId: "fbf2cf58-9eff-495a-9486-243403c42586"
  referenceNo: "198"
  orderId: "aede4881-b38d-49a4-8200-0eb4af3eaf0d"
  Assets:CurrentAssets:Bank:BocSavingBank -410.00 HKD
  type: "Bill Payment"
  sourceId: "fbf2cf58-9eff-495a-9486-243403c42586"
  referenceNo: "198"
  orderId: "aede4881-b38d-49a4-8200-0eb4af3eaf0d"
2023-05-13 * "Bill #476 MIDJOURNEY INC."
  referenceNo: "476"
  orderId: "3f5eafa1-c2a7-4bab-a7e4-1f943c837300"
  type: "Bill"
  Expenses:GeneralExpense:WebErpDev 239.86 HKD
  qty: "1"
  description: "MIDJOURNEY INC."
  referenceNo: "476"
  orderId: "3f5eafa1-c2a7-4bab-a7e4-1f943c837300"
  type: "Bill Item"
  sourceId: "b0859c94-d3b3-473c-82dc-caad8bfadcc7"
  Liabilities:CurrentLiabilities:AccountPayable
  referenceNo: "476"
  orderId: "3f5eafa1-c2a7-4bab-a7e4-1f943c837300"
  type: "Bill"
  sourceId: "3f5eafa1-c2a7-4bab-a7e4-1f943c837300"
  contact: "880 806 () [53b8789a-4451-4a1f-84f7-a9c5da7ada1a]"
2023-05-13 * "880 806 () [53b8789a-4451-4a1f-84f7-a9c5da7ada1a]" "Bill Payment for Bill #476 #1c40c185-4cea-4b0d-ae5c-508e8ebe2fe5"
  Liabilities:CurrentLiabilities:AccountPayable 239.86 HKD
  contact: "880 806 () [53b8789a-4451-4a1f-84f7-a9c5da7ada1a]"
  type: "Bill Payment"
  sourceId: "1c40c185-4cea-4b0d-ae5c-508e8ebe2fe5"
  referenceNo: "476"
  orderId: "3f5eafa1-c2a7-4bab-a7e4-1f943c837300"
  Assets:CurrentAssets:Bank:BocVisaCard-DavidBank -239.86 HKD
  type: "Bill Payment"
  sourceId: "1c40c185-4cea-4b0d-ae5c-508e8ebe2fe5"
  referenceNo: "476"
  orderId: "3f5eafa1-c2a7-4bab-a7e4-1f943c837300"
2023-05-16 * "Bill #816 DKK 裝修設計app (23年4-5月)"
  referenceNo: "816"
  orderId: "a09f9bcb-9f7c-40b0-b6c1-6765b141c74f"
  type: "Bill"
  Expenses:GeneralExpense:Subscriptions 236.00 HKD
  qty: "1"
  description: "DKK 裝修設計app (23年4-5月)"
  referenceNo: "816"
  orderId: "a09f9bcb-9f7c-40b0-b6c1-6765b141c74f"
  type: "Bill Item"
  sourceId: "ddbf0903-c8e4-4d1f-be96-20dd7867d306"
  Liabilities:CurrentLiabilities:AccountPayable
  referenceNo: "816"
  orderId: "a09f9bcb-9f7c-40b0-b6c1-6765b141c74f"
  type: "Bill"
  sourceId: "a09f9bcb-9f7c-40b0-b6c1-6765b141c74f"
  contact: "880 806 () [53b8789a-4451-4a1f-84f7-a9c5da7ada1a]"
2023-05-16 * "880 806 () [53b8789a-4451-4a1f-84f7-a9c5da7ada1a]" "Bill Payment for Bill #816 #a57910aa-fd15-4ccf-909c-093b35a7809c"
  Liabilities:CurrentLiabilities:AccountPayable 236.00 HKD
  contact: "880 806 () [53b8789a-4451-4a1f-84f7-a9c5da7ada1a]"
  type: "Bill Payment"
  sourceId: "a57910aa-fd15-4ccf-909c-093b35a7809c"
  referenceNo: "816"
  orderId: "a09f9bcb-9f7c-40b0-b6c1-6765b141c74f"
  Liabilities:CurrentLiabilities:CurrentAccount:C-a-MilrichElectronicsHkCoLtd -236.00 HKD
  type: "Bill Payment"
  sourceId: "a57910aa-fd15-4ccf-909c-093b35a7809c"
  referenceNo: "816"
  orderId: "a09f9bcb-9f7c-40b0-b6c1-6765b141c74f"
2023-05-16 * "Bill #477 云石 "
  referenceNo: "477"
  orderId: "f6348783-26ae-4327-b844-d69f229ec84c"
  type: "Bill"
  Expenses:GeneralExpense:GeneralExpensesDirect 2841.38 HKD
  qty: "1"
  description: "云石"
  referenceNo: "477"
  orderId: "f6348783-26ae-4327-b844-d69f229ec84c"
  type: "Bill Item"
  sourceId: "8cb876b8-e919-4dfc-8716-5270daf60f22"
  Liabilities:CurrentLiabilities:AccountPayable
  referenceNo: "477"
  orderId: "f6348783-26ae-4327-b844-d69f229ec84c"
  type: "Bill"
  sourceId: "f6348783-26ae-4327-b844-d69f229ec84c"
  contact: "880 806 () [53b8789a-4451-4a1f-84f7-a9c5da7ada1a]"
2023-05-16 * "880 806 () [53b8789a-4451-4a1f-84f7-a9c5da7ada1a]" "Bill Payment for Bill #477 #aa4916e9-6308-4728-a869-cbba22b569ba"
  Liabilities:CurrentLiabilities:AccountPayable 2841.38 HKD
  contact: "880 806 () [53b8789a-4451-4a1f-84f7-a9c5da7ada1a]"
  type: "Bill Payment"
  sourceId: "aa4916e9-6308-4728-a869-cbba22b569ba"
  referenceNo: "477"
  orderId: "f6348783-26ae-4327-b844-d69f229ec84c"
  Assets:CurrentAssets:Bank:BocVisaCard-DavidBank -2841.38 HKD
  type: "Bill Payment"
  sourceId: "aa4916e9-6308-4728-a869-cbba22b569ba"
  referenceNo: "477"
  orderId: "f6348783-26ae-4327-b844-d69f229ec84c"
2023-05-17 * "Bill #176 XSCK2305165085"
  referenceNo: "176"
  orderId: "25396caf-7221-4d07-bccd-3eeedcff94f4"
  type: "Bill"
  Expenses:CostOfSales:Purchase:PurchaseItem:BuyGoldJewelry 2626.26 CNY
  category: "Gold Jewelry"
  sku: "DDFF2305170C000000000001"
  qty: 1
  referenceNo: "176"
  orderId: "25396caf-7221-4d07-bccd-3eeedcff94f4"
  type: "Bill Item"
  sourceId: "e0623f90-4227-43ea-aac5-8976d79198e4"
  Expenses:CostOfSales:Purchase:PurchaseItem:BuyGoldJewelry 2502.07 CNY
  category: "Gold Jewelry"
  sku: "DDFF2305170C000000000002"
  qty: 1
  referenceNo: "176"
  orderId: "25396caf-7221-4d07-bccd-3eeedcff94f4"
  type: "Bill Item"
  sourceId: "5d5cd99c-fd78-4c61-8e9c-6adededd25a5"
  Expenses:CostOfSales:Purchase:PurchaseItem:BuyGoldJewelry 2515.87 CNY
  category: "Gold Jewelry"
  sku: "DDFF2305170C000000000003"
  qty: 1
  referenceNo: "176"
  orderId: "25396caf-7221-4d07-bccd-3eeedcff94f4"
  type: "Bill Item"
  sourceId: "c2ee63cc-d28e-47c9-aabb-80b2b9f33d29"
  Expenses:CostOfSales:Purchase:PurchaseItem:BuyGoldJewelry 4753.42 CNY
  category: "Gold Jewelry"
  sku: "DDFF2305170C000000000004"
  qty: 1
  referenceNo: "176"
  orderId: "25396caf-7221-4d07-bccd-3eeedcff94f4"
  type: "Bill Item"
  sourceId: "59073f6a-e0fc-4c66-8950-6796a5575153"
  Expenses:CostOfSales:Purchase:PurchaseItem:BuyGoldJewelry 9406.38 CNY
  category: "Gold Jewelry"
  sku: "DDFF2305170C000000000005"
  qty: 1
  referenceNo: "176"
  orderId: "25396caf-7221-4d07-bccd-3eeedcff94f4"
  type: "Bill Item"
  sourceId: "c60f3964-b81f-4084-915b-ce4eed151767"
  Liabilities:CurrentLiabilities:AccountPayable
  referenceNo: "176"
  orderId: "25396caf-7221-4d07-bccd-3eeedcff94f4"
  type: "Bill"
  sourceId: "25396caf-7221-4d07-bccd-3eeedcff94f4"
  contact: "998 12345843 (深圳市翠綠手飾製造有限公司) [418d4c3f-7ae7-4edc-b509-fe215e1732a0]"
2023-05-17 * "Bill #178 JS202305110806"
  referenceNo: "178"
  orderId: "d1d20306-6012-444b-845a-c44c35b2e221"
  type: "Bill"
  Expenses:CostOfSales:Purchase:PurchaseItem:BuyGoldJewelry 13394.83 CNY
  category: "Gold Jewelry"
  sku: "DDFF23051903000000000011"
  qty: 1
  referenceNo: "178"
  orderId: "d1d20306-6012-444b-845a-c44c35b2e221"
  type: "Bill Item"
  sourceId: "80bd0fad-0ff8-49b3-b23e-b7fbf17aae2f"
  Expenses:CostOfSales:Purchase:PurchaseItem:BuyGoldJewelry 8865.21 CNY
  category: "Gold Jewelry"
  sku: "DDFF23051903000000000008"
  qty: 1
  referenceNo: "178"
  orderId: "d1d20306-6012-444b-845a-c44c35b2e221"
  type: "Bill Item"
  sourceId: "c7398f93-8f4c-40f8-ac34-af51ecf61ae4"
  Expenses:CostOfSales:Purchase:PurchaseItem:BuyGoldJewelry 2509.07 CNY
  category: "Gold Jewelry"
  sku: "DDFF23051905000000000001"
  qty: 1
  referenceNo: "178"
  orderId: "d1d20306-6012-444b-845a-c44c35b2e221"
  type: "Bill Item"
  sourceId: "f7714c6d-876a-4719-8765-0fa2ff7c3a35"
  Expenses:CostOfSales:Purchase:PurchaseItem:BuyGoldJewelry 3726.77 CNY
  category: "Gold Jewelry"
  sku: "DDFF23051905000000000002"
  qty: 1
  referenceNo: "178"
  orderId: "d1d20306-6012-444b-845a-c44c35b2e221"
  type: "Bill Item"
  sourceId: "6b9441aa-8bb6-43eb-8ffb-7eab39b5a3d8"
  Expenses:CostOfSales:Purchase:PurchaseItem:BuyGoldJewelry 2931.39 CNY
  category: "Gold Jewelry"
  sku: "DDFF23051905000000000003"
  qty: 1
  referenceNo: "178"
  orderId: "d1d20306-6012-444b-845a-c44c35b2e221"
  type: "Bill Item"
  sourceId: "cc289d27-e413-40c8-9648-e9a0e9ffdc7a"
  Expenses:CostOfSales:Purchase:PurchaseItem:BuyGoldJewelry 4693.79 CNY
  category: "Gold Jewelry"
  sku: "DDFF23051905000000000004"
  qty: 1
  referenceNo: "178"
  orderId: "d1d20306-6012-444b-845a-c44c35b2e221"
  type: "Bill Item"
  sourceId: "54e1411d-ecdd-4858-9cf5-0e6e8c5de330"
  Expenses:CostOfSales:Purchase:PurchaseItem:BuyGoldJewelry 2631.39 CNY
  category: "Gold Jewelry"
  sku: "DDFF23051905000000000005"
  qty: 1
  referenceNo: "178"
  orderId: "d1d20306-6012-444b-845a-c44c35b2e221"
  type: "Bill Item"
  sourceId: "f9e58df2-1257-4cc7-810e-db73af8c0a9d"
  Expenses:CostOfSales:Purchase:PurchaseItem:BuyGoldJewelry 2699.07 CNY
  category: "Gold Jewelry"
  sku: "DDFF23051905000000000006"
  qty: 1
  referenceNo: "178"
  orderId: "d1d20306-6012-444b-845a-c44c35b2e221"
  type: "Bill Item"
  sourceId: "e922dfe5-0381-41ec-9347-c6f2bf2ccbd6"
  Expenses:CostOfSales:Purchase:PurchaseItem:BuyGoldJewelry 2362.75 CNY
  category: "Gold Jewelry"
  sku: "DDFF23051903000000000001"
  qty: 1
  referenceNo: "178"
  orderId: "d1d20306-6012-444b-845a-c44c35b2e221"
  type: "Bill Item"
  sourceId: "0970887b-5b08-4589-83f7-2c3680f7fe69"
  Expenses:CostOfSales:Purchase:PurchaseItem:BuyGoldJewelry 2543.50 CNY
  category: "Gold Jewelry"
  sku: "DDFF23051903000000000002"
  qty: 1
  referenceNo: "178"
  orderId: "d1d20306-6012-444b-845a-c44c35b2e221"
  type: "Bill Item"
  sourceId: "9aa8452f-34a7-4a67-bbf5-4b85af11247a"
  Expenses:CostOfSales:Purchase:PurchaseItem:BuyGoldJewelry 2418.90 CNY
  category: "Gold Jewelry"
  sku: "DDFF23051903000000000003"
  qty: 1
  referenceNo: "178"
  orderId: "d1d20306-6012-444b-845a-c44c35b2e221"
  type: "Bill Item"
  sourceId: "054281e2-e54e-4b1c-ae3c-849f7e1933c6"
  Expenses:CostOfSales:Purchase:PurchaseItem:BuyGoldJewelry 3132.79 CNY
  category: "Gold Jewelry"
  sku: "DDFF23051903000000000004"
  qty: 1
  referenceNo: "178"
  orderId: "d1d20306-6012-444b-845a-c44c35b2e221"
  type: "Bill Item"
  sourceId: "d81585d0-347a-4a35-8303-cdbf8689c640"
  Expenses:CostOfSales:Purchase:PurchaseItem:BuyGoldJewelry 3211.23 CNY
  category: "Gold Jewelry"
  sku: "DDFF23051903000000000005"
  qty: 1
  referenceNo: "178"
  orderId: "d1d20306-6012-444b-845a-c44c35b2e221"
  type: "Bill Item"
  sourceId: "56f88786-564f-4136-8f92-55ede0ec965b"
  Expenses:CostOfSales:Purchase:PurchaseItem:BuyGoldJewelry 4086.93 CNY
  category: "Gold Jewelry"
  sku: "DDFF23051903000000000006"
  qty: 1
  referenceNo: "178"
  orderId: "d1d20306-6012-444b-845a-c44c35b2e221"
  type: "Bill Item"
  sourceId: "209305ce-2489-43c1-9781-886447349c74"
  Expenses:CostOfSales:Purchase:PurchaseItem:BuyGoldJewelry 5147.46 CNY
  category: "Gold Jewelry"
  sku: "DDFF23051903000000000007"
  qty: 1
  referenceNo: "178"
  orderId: "d1d20306-6012-444b-845a-c44c35b2e221"
  type: "Bill Item"
  sourceId: "007f30d7-80e6-4801-a4e1-1ade053c80f0"
  Expenses:CostOfSales:Purchase:PurchaseItem:BuyGoldJewelry 3477.42 CNY
  category: "Gold Jewelry"
  sku: "DDFF23051903000000000009"
  qty: 1
  referenceNo: "178"
  orderId: "d1d20306-6012-444b-845a-c44c35b2e221"
  type: "Bill Item"
  sourceId: "f8e20127-72e7-4a51-a36c-bd02e44bcad9"
  Expenses:CostOfSales:Purchase:PurchaseItem:BuyGoldJewelry 7325.40 CNY
  category: "Gold Jewelry"
  sku: "DDFF23051903000000000010"
  qty: 1
  referenceNo: "178"
  orderId: "d1d20306-6012-444b-845a-c44c35b2e221"
  type: "Bill Item"
  sourceId: "7b16c6ce-c107-480f-baf5-926003a56525"
  Liabilities:CurrentLiabilities:AccountPayable
  referenceNo: "178"
  orderId: "d1d20306-6012-444b-845a-c44c35b2e221"
  type: "Bill"
  sourceId: "d1d20306-6012-444b-845a-c44c35b2e221"
  contact: "998 12345842 (粵豪珠寶) [d452a034-9f5a-4b05-b8d6-6e1c7ed56ec4]"
2023-05-17 * "Bill #775 323電費(2023-4月)"
  referenceNo: "775"
  orderId: "5c711571-686d-492f-ad1e-3a3ea608ded9"
  type: "Bill"
  Expenses:GeneralExpense:ElectricityLightHeating 185.00 HKD
  qty: "1"
  description: "323電費(2023-4月)"
  referenceNo: "775"
  orderId: "5c711571-686d-492f-ad1e-3a3ea608ded9"
  type: "Bill Item"
  sourceId: "ee215e57-5b2d-4411-9b80-60801902b0bc"
  Liabilities:CurrentLiabilities:AccountPayable
  referenceNo: "775"
  orderId: "5c711571-686d-492f-ad1e-3a3ea608ded9"
  type: "Bill"
  sourceId: "5c711571-686d-492f-ad1e-3a3ea608ded9"
  contact: "880 806 () [53b8789a-4451-4a1f-84f7-a9c5da7ada1a]"
2023-05-17 * "Bill #209 XSCK2305165084"
  referenceNo: "209"
  orderId: "9f213eef-9888-4f32-a05d-fc8b4d1358f9"
  type: "Bill"
  Expenses:CostOfSales:Purchase:PurchaseItem:BuyGoldJewelry 2237.35 CNY
  category: "Gold Jewelry"
  sku: "DDFF23051704000000000001"
  qty: 1
  referenceNo: "209"
  orderId: "9f213eef-9888-4f32-a05d-fc8b4d1358f9"
  type: "Bill Item"
  sourceId: "a4fd366e-88a6-417e-adf2-802747b3ee70"
  Expenses:CostOfSales:Purchase:PurchaseItem:BuyGoldJewelry 2495.69 CNY
  category: "Gold Jewelry"
  sku: "DDFF23051704000000000002"
  qty: 1
  referenceNo: "209"
  orderId: "9f213eef-9888-4f32-a05d-fc8b4d1358f9"
  type: "Bill Item"
  sourceId: "38fb84a5-6731-4abc-bb4d-941b98632523"
  Expenses:CostOfSales:Purchase:PurchaseItem:BuyGoldJewelry 2456.70 CNY
  category: "Gold Jewelry"
  sku: "DDFF23051704000000000003"
  qty: 1
  referenceNo: "209"
  orderId: "9f213eef-9888-4f32-a05d-fc8b4d1358f9"
  type: "Bill Item"
  sourceId: "862e92e3-dd1e-4e80-acf4-24621c498ee9"
  Expenses:CostOfSales:Purchase:PurchaseItem:BuyGoldJewelry 2057.00 CNY
  category: "Gold Jewelry"
  sku: "DDFF23051704000000000004"
  qty: 1
  referenceNo: "209"
  orderId: "9f213eef-9888-4f32-a05d-fc8b4d1358f9"
  type: "Bill Item"
  sourceId: "e5f2e7be-c2fc-407c-86c0-8b4b96a19452"
  Expenses:CostOfSales:Purchase:PurchaseItem:BuyGoldJewelry 2880.77 CNY
  category: "Gold Jewelry"
  sku: "DDFF23051704000000000005"
  qty: 1
  referenceNo: "209"
  orderId: "9f213eef-9888-4f32-a05d-fc8b4d1358f9"
  type: "Bill Item"
  sourceId: "1c07f2a4-8a0f-4b7c-9fb3-da9187d68cdc"
  Expenses:CostOfSales:Purchase:PurchaseItem:BuyGoldJewelry 2583.43 CNY
  category: "Gold Jewelry"
  sku: "DDFF23051704000000000006"
  qty: 1
  referenceNo: "209"
  orderId: "9f213eef-9888-4f32-a05d-fc8b4d1358f9"
  type: "Bill Item"
  sourceId: "947abe4f-2a16-4b56-a3a3-ac8e12f83e17"
  Expenses:CostOfSales:Purchase:PurchaseItem:BuyGoldJewelry 1266.64 CNY
  category: "Gold Jewelry"
  sku: "DDFF23051704000000000007"
  qty: 1
  referenceNo: "209"
  orderId: "9f213eef-9888-4f32-a05d-fc8b4d1358f9"
  type: "Bill Item"
  sourceId: "587ec0b0-a764-46b5-b603-330426b136c0"
  Expenses:CostOfSales:Purchase:PurchaseItem:BuyGoldJewelry 2596.81 CNY
  category: "Gold Jewelry"
  sku: "DDFF23051704000000000008"
  qty: 1
  referenceNo: "209"
  orderId: "9f213eef-9888-4f32-a05d-fc8b4d1358f9"
  type: "Bill Item"
  sourceId: "cadbd044-1473-4f83-acca-b3ed71834da1"
  Expenses:CostOfSales:Purchase:PurchaseItem:BuyGoldJewelry 1207.82 CNY
  category: "Gold Jewelry"
  sku: "DDFF23051704000000000009"
  qty: 1
  referenceNo: "209"
  orderId: "9f213eef-9888-4f32-a05d-fc8b4d1358f9"
  type: "Bill Item"
  sourceId: "25ec6204-3af3-4c63-a3b9-cc482c1bc05f"
  Expenses:CostOfSales:Purchase:PurchaseItem:BuyGoldJewelry 1547.15 CNY
  category: "Gold Jewelry"
  sku: "DDFF23051704000000000010"
  qty: 1
  referenceNo: "209"
  orderId: "9f213eef-9888-4f32-a05d-fc8b4d1358f9"
  type: "Bill Item"
  sourceId: "5daecfff-f7b3-4012-a079-9dbbe5bf0627"
  Expenses:CostOfSales:Purchase:PurchaseItem:BuyGoldJewelry 1759.80 CNY
  category: "Gold Jewelry"
  sku: "DDFF23051704000000000011"
  qty: 1
  referenceNo: "209"
  orderId: "9f213eef-9888-4f32-a05d-fc8b4d1358f9"
  type: "Bill Item"
  sourceId: "8fb563b4-d06d-489d-8b57-08a6b618f7bc"
  Expenses:CostOfSales:Purchase:PurchaseItem:BuyGoldJewelry 1863.86 CNY
  category: "Gold Jewelry"
  sku: "DDFF23051704000000000012"
  qty: 1
  referenceNo: "209"
  orderId: "9f213eef-9888-4f32-a05d-fc8b4d1358f9"
  type: "Bill Item"
  sourceId: "14a8a914-67c6-46fb-b579-af884cf48d4f"
  Expenses:CostOfSales:Purchase:PurchaseItem:BuyGoldJewelry 1868.38 CNY
  category: "Gold Jewelry"
  sku: "DDFF23051704000000000013"
  qty: 1
  referenceNo: "209"
  orderId: "9f213eef-9888-4f32-a05d-fc8b4d1358f9"
  type: "Bill Item"
  sourceId: "e47cdf50-d61e-47e6-bc21-710a4f8814d3"
  Expenses:CostOfSales:Purchase:PurchaseItem:BuyGoldJewelry 1266.64 CNY
  category: "Gold Jewelry"
  sku: "DDFF23051704000000000014"
  qty: 1
  referenceNo: "209"
  orderId: "9f213eef-9888-4f32-a05d-fc8b4d1358f9"
  type: "Bill Item"
  sourceId: "32834167-a93e-437c-a966-9133f9056300"
  Expenses:CostOfSales:Purchase:PurchaseItem:BuyGoldJewelry 1909.10 CNY
  category: "Gold Jewelry"
  sku: "DDFF23051704000000000015"
  qty: 1
  referenceNo: "209"
  orderId: "9f213eef-9888-4f32-a05d-fc8b4d1358f9"
  type: "Bill Item"
  sourceId: "a8aab34c-d55e-4991-bab5-a5892336b183"
  Expenses:CostOfSales:Purchase:PurchaseItem:BuyGoldJewelry 1800.52 CNY
  category: "Gold Jewelry"
  sku: "DDFF23051704000000000016"
  qty: 1
  referenceNo: "209"
  orderId: "9f213eef-9888-4f32-a05d-fc8b4d1358f9"
  type: "Bill Item"
  sourceId: "feb919d7-4587-41e3-a9cf-14d6e13d092c"
  Expenses:CostOfSales:Purchase:PurchaseItem:BuyGoldJewelry 1836.71 CNY
  category: "Gold Jewelry"
  sku: "DDFF23051704000000000017"
  qty: 1
  referenceNo: "209"
  orderId: "9f213eef-9888-4f32-a05d-fc8b4d1358f9"
  type: "Bill Item"
  sourceId: "cc731fc0-e797-4d4c-a261-b3b4ad14ce92"
  Expenses:CostOfSales:Purchase:PurchaseItem:BuyGoldJewelry 1429.52 CNY
  category: "Gold Jewelry"
  sku: "DDFF23051704000000000018"
  qty: 1
  referenceNo: "209"
  orderId: "9f213eef-9888-4f32-a05d-fc8b4d1358f9"
  type: "Bill Item"
  sourceId: "29bc3aca-51d7-44df-9991-21faeec1c872"
  Expenses:CostOfSales:Purchase:PurchaseItem:BuyGoldJewelry 1900.05 CNY
  category: "Gold Jewelry"
  sku: "DDFF23051704000000000019"
  qty: 1
  referenceNo: "209"
  orderId: "9f213eef-9888-4f32-a05d-fc8b4d1358f9"
  type: "Bill Item"
  sourceId: "9f88be2b-18d7-41ba-b512-07be87c3c114"
  Expenses:CostOfSales:Purchase:PurchaseItem:BuyGoldJewelry 1768.85 CNY
  category: "Gold Jewelry"
  sku: "DDFF23051704000000000020"
  qty: 1
  referenceNo: "209"
  orderId: "9f213eef-9888-4f32-a05d-fc8b4d1358f9"
  type: "Bill Item"
  sourceId: "6854bf70-2430-47bc-a63c-8db3d9a2fd90"
  Expenses:CostOfSales:Purchase:PurchaseItem:BuyGoldJewelry 1800.52 CNY
  category: "Gold Jewelry"
  sku: "DDFF23051704000000000021"
  qty: 1
  referenceNo: "209"
  orderId: "9f213eef-9888-4f32-a05d-fc8b4d1358f9"
  type: "Bill Item"
  sourceId: "531c47fa-302b-4567-ac73-801c4e9add52"
  Expenses:CostOfSales:Purchase:PurchaseItem:BuyGoldJewelry 1130.90 CNY
  category: "Gold Jewelry"
  sku: "DDFF23051704000000000022"
  qty: 1
  referenceNo: "209"
  orderId: "9f213eef-9888-4f32-a05d-fc8b4d1358f9"
  type: "Bill Item"
  sourceId: "dc43ab86-95be-415a-b074-c673fe90777f"
  Expenses:CostOfSales:Purchase:PurchaseItem:BuyGoldJewelry 1144.48 CNY
  category: "Gold Jewelry"
  sku: "DDFF23051704000000000023"
  qty: 1
  referenceNo: "209"
  orderId: "9f213eef-9888-4f32-a05d-fc8b4d1358f9"
  type: "Bill Item"
  sourceId: "8bcc30f6-add8-42ac-8015-be32c527821c"
  Expenses:CostOfSales:Purchase:PurchaseItem:BuyGoldJewelry 1818.61 CNY
  category: "Gold Jewelry"
  sku: "DDFF23051704000000000024"
  qty: 1
  referenceNo: "209"
  orderId: "9f213eef-9888-4f32-a05d-fc8b4d1358f9"
  type: "Bill Item"
  sourceId: "e7d33df8-ab1a-4def-8cfd-52d5f5b8b478"
  Expenses:CostOfSales:Purchase:PurchaseItem:BuyGoldJewelry 1361.65 CNY
  category: "Gold Jewelry"
  sku: "DDFF23051704000000000025"
  qty: 1
  referenceNo: "209"
  orderId: "9f213eef-9888-4f32-a05d-fc8b4d1358f9"
  type: "Bill Item"
  sourceId: "1d83884d-864c-4b74-b602-fe23521c0a3a"
  Expenses:CostOfSales:Purchase:PurchaseItem:BuyGoldJewelry 1126.38 CNY
  category: "Gold Jewelry"
  sku: "DDFF23051704000000000026"
  qty: 1
  referenceNo: "209"
  orderId: "9f213eef-9888-4f32-a05d-fc8b4d1358f9"
  type: "Bill Item"
  sourceId: "bf3b541b-1f95-41ec-a109-02290a3dd58d"
  Expenses:CostOfSales:Purchase:PurchaseItem:BuyGoldJewelry 1791.47 CNY
  category: "Gold Jewelry"
  sku: "DDFF23051704000000000027"
  qty: 1
  referenceNo: "209"
  orderId: "9f213eef-9888-4f32-a05d-fc8b4d1358f9"
  type: "Bill Item"
  sourceId: "4c4b97fe-e7a5-491c-941c-5637026cacec"
  Expenses:CostOfSales:Purchase:PurchaseItem:BuyGoldJewelry 1823.14 CNY
  category: "Gold Jewelry"
  sku: "DDFF23051704000000000028"
  qty: 1
  referenceNo: "209"
  orderId: "9f213eef-9888-4f32-a05d-fc8b4d1358f9"
  type: "Bill Item"
  sourceId: "7393ce29-0db2-49fa-abf8-39646bf769ec"
  Expenses:CostOfSales:Purchase:PurchaseItem:BuyGoldJewelry 1216.87 CNY
  category: "Gold Jewelry"
  sku: "DDFF23051704000000000029"
  qty: 1
  referenceNo: "209"
  orderId: "9f213eef-9888-4f32-a05d-fc8b4d1358f9"
  type: "Bill Item"
  sourceId: "73e49451-2425-4c7a-85e9-e4b3ee105c53"
  Expenses:CostOfSales:Purchase:PurchaseItem:BuyGoldJewelry 1158.05 CNY
  category: "Gold Jewelry"
  sku: "DDFF23051704000000000030"
  qty: 1
  referenceNo: "209"
  orderId: "9f213eef-9888-4f32-a05d-fc8b4d1358f9"
  type: "Bill Item"
  sourceId: "d4434c8c-59f9-4449-9835-8401e338beca"
  Expenses:CostOfSales:Purchase:PurchaseItem:BuyGoldJewelry 2099.13 CNY
  category: "Gold Jewelry"
  sku: "DDFF23051704000000000031"
  qty: 1
  referenceNo: "209"
  orderId: "9f213eef-9888-4f32-a05d-fc8b4d1358f9"
  type: "Bill Item"
  sourceId: "1693a290-708d-4584-b192-c2c4917592eb"
  Expenses:CostOfSales:Purchase:PurchaseItem:BuyGoldJewelry 2433.93 CNY
  category: "Gold Jewelry"
  sku: "DDFF23051704000000000032"
  qty: 1
  referenceNo: "209"
  orderId: "9f213eef-9888-4f32-a05d-fc8b4d1358f9"
  type: "Bill Item"
  sourceId: "9df81093-42e1-4fbb-8fbe-763df8e84d49"
  Expenses:CostOfSales:Purchase:PurchaseItem:BuyGoldJewelry 1895.53 CNY
  category: "Gold Jewelry"
  sku: "DDFF23051704000000000033"
  qty: 1
  referenceNo: "209"
  orderId: "9f213eef-9888-4f32-a05d-fc8b4d1358f9"
  type: "Bill Item"
  sourceId: "216441c3-0e05-4d99-a38e-4331a3f9c8e7"
  Expenses:CostOfSales:Purchase:PurchaseItem:BuyGoldJewelry 1158.05 CNY
  category: "Gold Jewelry"
  sku: "DDFF23051704000000000034"
  qty: 1
  referenceNo: "209"
  orderId: "9f213eef-9888-4f32-a05d-fc8b4d1358f9"
  type: "Bill Item"
  sourceId: "24273a9b-7473-444e-8d9c-0379f43c0b78"
  Expenses:CostOfSales:Purchase:PurchaseItem:BuyGoldJewelry 1284.73 CNY
  category: "Gold Jewelry"
  sku: "DDFF23051704000000000035"
  qty: 1
  referenceNo: "209"
  orderId: "9f213eef-9888-4f32-a05d-fc8b4d1358f9"
  type: "Bill Item"
  sourceId: "36109d2b-a97c-4083-86bf-c58a924d3b5b"
  Expenses:CostOfSales:Purchase:PurchaseItem:BuyGoldJewelry 5295.68 CNY
  category: "Gold Jewelry"
  sku: "DDFF23051703000000000004"
  qty: 1
  referenceNo: "209"
  orderId: "9f213eef-9888-4f32-a05d-fc8b4d1358f9"
  type: "Bill Item"
  sourceId: "8eeafb35-1c71-4e2b-a2d0-9611367fc404"
  Expenses:CostOfSales:Purchase:PurchaseItem:BuyGoldJewelry 4435.70 CNY
  category: "Gold Jewelry"
  sku: "DDFF23051703000000000005"
  qty: 1
  referenceNo: "209"
  orderId: "9f213eef-9888-4f32-a05d-fc8b4d1358f9"
  type: "Bill Item"
  sourceId: "84f512a0-b1cd-4bd3-8e85-c329c4ecf890"
  Expenses:CostOfSales:Purchase:PurchaseItem:BuyGoldJewelry 4362.59 CNY
  category: "Gold Jewelry"
  sku: "DDFF23051703000000000006"
  qty: 1
  referenceNo: "209"
  orderId: "9f213eef-9888-4f32-a05d-fc8b4d1358f9"
  type: "Bill Item"
  sourceId: "1abfa8c8-7a01-4132-bce3-81648751f8c2"
  Expenses:CostOfSales:Purchase:PurchaseItem:BuyGoldJewelry 3948.26 CNY
  category: "Gold Jewelry"
  sku: "DDFF23051703000000000007"
  qty: 1
  referenceNo: "209"
  orderId: "9f213eef-9888-4f32-a05d-fc8b4d1358f9"
  type: "Bill Item"
  sourceId: "9bd5e1dd-b2d4-4a0d-8cb9-9aaef0912c89"
  Expenses:CostOfSales:Purchase:PurchaseItem:BuyGoldJewelry 1803.53 CNY
  category: "Gold Jewelry"
  sku: "DDFF23051703000000000008"
  qty: 1
  referenceNo: "209"
  orderId: "9f213eef-9888-4f32-a05d-fc8b4d1358f9"
  type: "Bill Item"
  sourceId: "25e24d1a-5551-4916-84a4-dce446fa29fe"
  Expenses:CostOfSales:Purchase:PurchaseItem:BuyGoldJewelry 2315.34 CNY
  category: "Gold Jewelry"
  sku: "DDFF23051703000000000009"
  qty: 1
  referenceNo: "209"
  orderId: "9f213eef-9888-4f32-a05d-fc8b4d1358f9"
  type: "Bill Item"
  sourceId: "0fe4b1ef-ff51-4f2d-9638-1ae070fde333"
  Expenses:CostOfSales:Purchase:PurchaseItem:BuyGoldJewelry 1832.74 CNY
  category: "Gold Jewelry"
  sku: "DDFF23051703000000000010"
  qty: 1
  referenceNo: "209"
  orderId: "9f213eef-9888-4f32-a05d-fc8b4d1358f9"
  type: "Bill Item"
  sourceId: "b9d5b5cc-1821-4f59-a6a1-0667580b0397"
  Expenses:CostOfSales:Purchase:PurchaseItem:BuyGoldJewelry 2057.00 CNY
  category: "Gold Jewelry"
  sku: "DDFF23051703000000000011"
  qty: 1
  referenceNo: "209"
  orderId: "9f213eef-9888-4f32-a05d-fc8b4d1358f9"
  type: "Bill Item"
  sourceId: "8c93e192-0d25-499d-8355-3d19226e4107"
  Expenses:CostOfSales:Purchase:PurchaseItem:BuyGoldJewelry 1901.02 CNY
  category: "Gold Jewelry"
  sku: "DDFF23051703000000000012"
  qty: 1
  referenceNo: "209"
  orderId: "9f213eef-9888-4f32-a05d-fc8b4d1358f9"
  type: "Bill Item"
  sourceId: "b48d638b-bede-4bd7-a4fb-ceb2606801a9"
  Expenses:CostOfSales:Purchase:PurchaseItem:BuyGoldJewelry 1788.90 CNY
  category: "Gold Jewelry"
  sku: "DDFF23051703000000000013"
  qty: 1
  referenceNo: "209"
  orderId: "9f213eef-9888-4f32-a05d-fc8b4d1358f9"
  type: "Bill Item"
  sourceId: "01e10b13-f949-4811-a22d-5fd91a278a9f"
  Expenses:CostOfSales:Purchase:PurchaseItem:BuyGoldJewelry 1788.90 CNY
  category: "Gold Jewelry"
  sku: "DDFF23051703000000000014"
  qty: 1
  referenceNo: "209"
  orderId: "9f213eef-9888-4f32-a05d-fc8b4d1358f9"
  type: "Bill Item"
  sourceId: "fe25c96a-b76e-4dc2-870c-cd19412d8f1c"
  Expenses:CostOfSales:Purchase:PurchaseItem:BuyGoldJewelry 1735.29 CNY
  category: "Gold Jewelry"
  sku: "DDFF23051703000000000015"
  qty: 1
  referenceNo: "209"
  orderId: "9f213eef-9888-4f32-a05d-fc8b4d1358f9"
  type: "Bill Item"
  sourceId: "342ba30d-ee2f-4b05-8b4d-0186ab395e6e"
  Expenses:CostOfSales:Purchase:PurchaseItem:BuyGoldJewelry 1564.68 CNY
  category: "Gold Jewelry"
  sku: "DDFF23051703000000000016"
  qty: 1
  referenceNo: "209"
  orderId: "9f213eef-9888-4f32-a05d-fc8b4d1358f9"
  type: "Bill Item"
  sourceId: "4206c18b-cab4-4530-a084-43f864571566"
  Expenses:CostOfSales:Purchase:PurchaseItem:BuyGoldJewelry 2277.12 CNY
  category: "Gold Jewelry"
  sku: "DDFF23051706000000000001"
  qty: 1
  referenceNo: "209"
  orderId: "9f213eef-9888-4f32-a05d-fc8b4d1358f9"
  type: "Bill Item"
  sourceId: "5d51a272-8b1b-44ee-9d27-9d8b4793b41d"
  Expenses:CostOfSales:Purchase:PurchaseItem:BuyGoldJewelry 2257.82 CNY
  category: "Gold Jewelry"
  sku: "DDFF23051706000000000002"
  qty: 1
  referenceNo: "209"
  orderId: "9f213eef-9888-4f32-a05d-fc8b4d1358f9"
  type: "Bill Item"
  sourceId: "e2bed229-b574-454c-915f-bffe660e19d2"
  Expenses:CostOfSales:Purchase:PurchaseItem:BuyGoldJewelry 1630.65 CNY
  category: "Gold Jewelry"
  sku: "DDFF23051706000000000003"
  qty: 1
  referenceNo: "209"
  orderId: "9f213eef-9888-4f32-a05d-fc8b4d1358f9"
  type: "Bill Item"
  sourceId: "e9c0a60d-4d12-4788-9608-d4e5408850b3"
  Expenses:CostOfSales:Purchase:PurchaseItem:BuyGoldJewelry 2412.20 CNY
  category: "Gold Jewelry"
  sku: "DDFF23051706000000000004"
  qty: 1
  referenceNo: "209"
  orderId: "9f213eef-9888-4f32-a05d-fc8b4d1358f9"
  type: "Bill Item"
  sourceId: "0cf013e8-802d-4b11-a553-559e7cbebb46"
  Expenses:CostOfSales:Purchase:PurchaseItem:BuyGoldJewelry 1828.45 CNY
  category: "Gold Jewelry"
  sku: "DDFF23051706000000000005"
  qty: 1
  referenceNo: "209"
  orderId: "9f213eef-9888-4f32-a05d-fc8b4d1358f9"
  type: "Bill Item"
  sourceId: "b79a063f-9735-4b15-a6c3-9263ccf4b1c2"
  Expenses:CostOfSales:Purchase:PurchaseItem:BuyGoldJewelry 2021.42 CNY
  category: "Gold Jewelry"
  sku: "DDFF23051706000000000006"
  qty: 1
  referenceNo: "209"
  orderId: "9f213eef-9888-4f32-a05d-fc8b4d1358f9"
  type: "Bill Item"
  sourceId: "1ded2f50-667a-46a0-b1a2-e7b1c6d075bc"
  Expenses:CostOfSales:Purchase:PurchaseItem:BuyGoldJewelry 2026.25 CNY
  category: "Gold Jewelry"
  sku: "DDFF23051706000000000007"
  qty: 1
  referenceNo: "209"
  orderId: "9f213eef-9888-4f32-a05d-fc8b4d1358f9"
  type: "Bill Item"
  sourceId: "42bac535-06db-4f30-9da3-4530d536fa6d"
  Expenses:CostOfSales:Purchase:PurchaseItem:BuyGoldJewelry 1398.95 CNY
  category: "Gold Jewelry"
  sku: "DDFF23051706000000000008"
  qty: 1
  referenceNo: "209"
  orderId: "9f213eef-9888-4f32-a05d-fc8b4d1358f9"
  type: "Bill Item"
  sourceId: "31558ebe-7aa1-43dd-b90e-47190babb540"
  Expenses:CostOfSales:Purchase:PurchaseItem:BuyGoldJewelry 1472.07 CNY
  category: "Gold Jewelry"
  sku: "DDFF23051706000000000009"
  qty: 1
  referenceNo: "209"
  orderId: "9f213eef-9888-4f32-a05d-fc8b4d1358f9"
  type: "Bill Item"
  sourceId: "44444c72-63c2-494a-b021-873d3888bdea"
  Expenses:CostOfSales:Purchase:PurchaseItem:BuyGoldJewelry 1267.34 CNY
  category: "Gold Jewelry"
  sku: "DDFF23051706000000000010"
  qty: 1
  referenceNo: "209"
  orderId: "9f213eef-9888-4f32-a05d-fc8b4d1358f9"
  type: "Bill Item"
  sourceId: "2868941f-d102-4bc9-98de-6eb83d084ae6"
  Expenses:CostOfSales:Purchase:PurchaseItem:BuyGoldJewelry 775.03 CNY
  category: "Gold Jewelry"
  sku: "DDFF23051706000000000011"
  qty: 1
  referenceNo: "209"
  orderId: "9f213eef-9888-4f32-a05d-fc8b4d1358f9"
  type: "Bill Item"
  sourceId: "6905e11c-25e4-4b3e-aec0-6fcaacbda9ee"
  Expenses:CostOfSales:Purchase:PurchaseItem:BuyGoldJewelry 1062.62 CNY
  category: "Gold Jewelry"
  sku: "DDFF23051706000000000012"
  qty: 1
  referenceNo: "209"
  orderId: "9f213eef-9888-4f32-a05d-fc8b4d1358f9"
  type: "Bill Item"
  sourceId: "d1f8f114-19cc-4493-80f2-7b84b8d59c40"
  Expenses:CostOfSales:Purchase:PurchaseItem:BuyGoldJewelry 1160.11 CNY
  category: "Gold Jewelry"
  sku: "DDFF23051706000000000013"
  qty: 1
  referenceNo: "209"
  orderId: "9f213eef-9888-4f32-a05d-fc8b4d1358f9"
  type: "Bill Item"
  sourceId: "fb5a1c0c-704a-40c7-8aee-51e6d7717da6"
  Expenses:CostOfSales:Purchase:PurchaseItem:BuyGoldJewelry 926.14 CNY
  category: "Gold Jewelry"
  sku: "DDFF23051706000000000014"
  qty: 1
  referenceNo: "209"
  orderId: "9f213eef-9888-4f32-a05d-fc8b4d1358f9"
  type: "Bill Item"
  sourceId: "8e2a976a-f75a-422a-a156-baa02c1ed3d3"
  Expenses:CostOfSales:Purchase:PurchaseItem:BuyGoldJewelry 1286.84 CNY
  category: "Gold Jewelry"
  sku: "DDFF23051706000000000015"
  qty: 1
  referenceNo: "209"
  orderId: "9f213eef-9888-4f32-a05d-fc8b4d1358f9"
  type: "Bill Item"
  sourceId: "327773c0-86bd-4a4c-9aa1-879e2fff2dcf"
  Expenses:CostOfSales:Purchase:PurchaseItem:BuyGoldJewelry 1223.47 CNY
  category: "Gold Jewelry"
  sku: "DDFF23051706000000000016"
  qty: 1
  referenceNo: "209"
  orderId: "9f213eef-9888-4f32-a05d-fc8b4d1358f9"
  type: "Bill Item"
  sourceId: "d1b828f7-0a17-43e7-8976-730bb4665490"
  Expenses:CostOfSales:Purchase:PurchaseItem:BuyGoldJewelry 1306.34 CNY
  category: "Gold Jewelry"
  sku: "DDFF23051706000000000017"
  qty: 1
  referenceNo: "209"
  orderId: "9f213eef-9888-4f32-a05d-fc8b4d1358f9"
  type: "Bill Item"
  sourceId: "5e12da53-ceb5-48f6-9caf-6c23c7c2eef3"
  Expenses:CostOfSales:Purchase:PurchaseItem:BuyGoldJewelry 449.36 CNY
  category: "Gold Jewelry"
  sku: "DDFF2305170A000000000014"
  qty: 1
  referenceNo: "209"
  orderId: "9f213eef-9888-4f32-a05d-fc8b4d1358f9"
  type: "Bill Item"
  sourceId: "a3e31746-54fe-43b9-bfb2-3c7267a9305d"
  Expenses:CostOfSales:Purchase:PurchaseItem:BuyGoldJewelry 483.56 CNY
  category: "Gold Jewelry"
  sku: "DDFF2305170A000000000015"
  qty: 1
  referenceNo: "209"
  orderId: "9f213eef-9888-4f32-a05d-fc8b4d1358f9"
  type: "Bill Item"
  sourceId: "92568c98-3868-45cd-b435-da07f7aff4b6"
  Expenses:CostOfSales:Purchase:PurchaseItem:BuyGoldJewelry 454.25 CNY
  category: "Gold Jewelry"
  sku: "DDFF2305170A000000000016"
  qty: 1
  referenceNo: "209"
  orderId: "9f213eef-9888-4f32-a05d-fc8b4d1358f9"
  type: "Bill Item"
  sourceId: "62e3cdc4-a700-4db1-b098-61b880b4b89d"
  Expenses:CostOfSales:Purchase:PurchaseItem:BuyGoldJewelry 493.32 CNY
  category: "Gold Jewelry"
  sku: "DDFF2305170A000000000017"
  qty: 1
  referenceNo: "209"
  orderId: "9f213eef-9888-4f32-a05d-fc8b4d1358f9"
  type: "Bill Item"
  sourceId: "142016e1-4aa5-4ce2-98d3-d517f2d84403"
  Expenses:CostOfSales:Purchase:PurchaseItem:BuyGoldJewelry 473.79 CNY
  category: "Gold Jewelry"
  sku: "DDFF2305170A000000000018"
  qty: 1
  referenceNo: "209"
  orderId: "9f213eef-9888-4f32-a05d-fc8b4d1358f9"
  type: "Bill Item"
  sourceId: "2c481067-a34d-43e8-91e8-2a37884c83f3"
  Expenses:CostOfSales:Purchase:PurchaseItem:BuyGoldJewelry 459.13 CNY
  category: "Gold Jewelry"
  sku: "DDFF2305170A000000000019"
  qty: 1
  referenceNo: "209"
  orderId: "9f213eef-9888-4f32-a05d-fc8b4d1358f9"
  type: "Bill Item"
  sourceId: "26d247dc-0d7b-4687-8bdb-bbbe1961de68"
  Expenses:CostOfSales:Purchase:PurchaseItem:BuyGoldJewelry 478.67 CNY
  category: "Gold Jewelry"
  sku: "DDFF2305170A000000000020"
  qty: 1
  referenceNo: "209"
  orderId: "9f213eef-9888-4f32-a05d-fc8b4d1358f9"
  type: "Bill Item"
  sourceId: "e7a697e6-033b-4ee7-87a9-c092dd26de81"
  Expenses:CostOfSales:Purchase:PurchaseItem:BuyGoldJewelry 478.67 CNY
  category: "Gold Jewelry"
  sku: "DDFF2305170A000000000021"
  qty: 1
  referenceNo: "209"
  orderId: "9f213eef-9888-4f32-a05d-fc8b4d1358f9"
  type: "Bill Item"
  sourceId: "c883b949-6d2d-4a67-80c8-30334467d835"
  Expenses:CostOfSales:Purchase:PurchaseItem:BuyGoldJewelry 473.79 CNY
  category: "Gold Jewelry"
  sku: "DDFF2305170A000000000022"
  qty: 1
  referenceNo: "209"
  orderId: "9f213eef-9888-4f32-a05d-fc8b4d1358f9"
  type: "Bill Item"
  sourceId: "756bda92-0084-4cec-a6be-d89223652d81"
  Expenses:CostOfSales:Purchase:PurchaseItem:BuyGoldJewelry 483.56 CNY
  category: "Gold Jewelry"
  sku: "DDFF2305170A000000000023"
  qty: 1
  referenceNo: "209"
  orderId: "9f213eef-9888-4f32-a05d-fc8b4d1358f9"
  type: "Bill Item"
  sourceId: "0dc88e21-9c48-4563-be1a-0f79bf85c02b"
  Expenses:CostOfSales:Purchase:PurchaseItem:BuyGoldJewelry 478.67 CNY
  category: "Gold Jewelry"
  sku: "DDFF2305170A000000000024"
  qty: 1
  referenceNo: "209"
  orderId: "9f213eef-9888-4f32-a05d-fc8b4d1358f9"
  type: "Bill Item"
  sourceId: "d1dc292f-3a88-43b3-9332-f593a5bcd7d6"
  Expenses:CostOfSales:Purchase:PurchaseItem:BuyGoldJewelry 503.09 CNY
  category: "Gold Jewelry"
  sku: "DDFF2305170A000000000025"
  qty: 1
  referenceNo: "209"
  orderId: "9f213eef-9888-4f32-a05d-fc8b4d1358f9"
  type: "Bill Item"
  sourceId: "64b5b13c-cc5c-4de3-98a4-b8721f4dd20b"
  Expenses:CostOfSales:Purchase:PurchaseItem:BuyGoldJewelry 214.91 CNY
  category: "Gold Jewelry"
  sku: "DDFF2305170A000000000026"
  qty: 1
  referenceNo: "209"
  orderId: "9f213eef-9888-4f32-a05d-fc8b4d1358f9"
  type: "Bill Item"
  sourceId: "fd079173-7f1f-4db8-b2a5-6fc1eb6bc15b"
  Expenses:CostOfSales:Purchase:PurchaseItem:BuyGoldJewelry 219.80 CNY
  category: "Gold Jewelry"
  sku: "DDFF2305170A000000000027"
  qty: 1
  referenceNo: "209"
  orderId: "9f213eef-9888-4f32-a05d-fc8b4d1358f9"
  type: "Bill Item"
  sourceId: "3c79fbb9-0edc-4131-b1be-07fd3920bf72"
  Expenses:CostOfSales:Purchase:PurchaseItem:BuyGoldJewelry 210.03 CNY
  category: "Gold Jewelry"
  sku: "DDFF2305170A000000000028"
  qty: 1
  referenceNo: "209"
  orderId: "9f213eef-9888-4f32-a05d-fc8b4d1358f9"
  type: "Bill Item"
  sourceId: "cf7be66d-a187-45e5-b41f-915acd68b49c"
  Expenses:CostOfSales:Purchase:PurchaseItem:BuyGoldJewelry 219.80 CNY
  category: "Gold Jewelry"
  sku: "DDFF2305170A000000000029"
  qty: 1
  referenceNo: "209"
  orderId: "9f213eef-9888-4f32-a05d-fc8b4d1358f9"
  type: "Bill Item"
  sourceId: "02d760fd-9f88-4809-b8c3-53c2d7a5653f"
  Expenses:CostOfSales:Purchase:PurchaseItem:BuyGoldJewelry 224.68 CNY
  category: "Gold Jewelry"
  sku: "DDFF2305170A000000000030"
  qty: 1
  referenceNo: "209"
  orderId: "9f213eef-9888-4f32-a05d-fc8b4d1358f9"
  type: "Bill Item"
  sourceId: "a578d57f-02d9-4a56-97ce-e46b24a13bb0"
  Expenses:CostOfSales:Purchase:PurchaseItem:BuyGoldJewelry 234.45 CNY
  category: "Gold Jewelry"
  sku: "DDFF2305170A000000000031"
  qty: 1
  referenceNo: "209"
  orderId: "9f213eef-9888-4f32-a05d-fc8b4d1358f9"
  type: "Bill Item"
  sourceId: "1503594d-0c28-46a8-9c25-247c870efcfc"
  Expenses:CostOfSales:Purchase:PurchaseItem:BuyGoldJewelry 234.45 CNY
  category: "Gold Jewelry"
  sku: "DDFF2305170A000000000032"
  qty: 1
  referenceNo: "209"
  orderId: "9f213eef-9888-4f32-a05d-fc8b4d1358f9"
  type: "Bill Item"
  sourceId: "e9e7a8e3-58d4-4c1c-93e9-9364298307f5"
  Expenses:CostOfSales:Purchase:PurchaseItem:BuyGoldJewelry 219.80 CNY
  category: "Gold Jewelry"
  sku: "DDFF2305170A000000000033"
  qty: 1
  referenceNo: "209"
  orderId: "9f213eef-9888-4f32-a05d-fc8b4d1358f9"
  type: "Bill Item"
  sourceId: "ab5741de-54da-4950-9078-401476524b02"
  Expenses:CostOfSales:Purchase:PurchaseItem:BuyGoldJewelry 210.03 CNY
  category: "Gold Jewelry"
  sku: "DDFF2305170A000000000034"
  qty: 1
  referenceNo: "209"
  orderId: "9f213eef-9888-4f32-a05d-fc8b4d1358f9"
  type: "Bill Item"
  sourceId: "b71324d2-0467-40d1-a5d3-6dd2cfdb5329"
  Expenses:CostOfSales:Purchase:PurchaseItem:BuyGoldJewelry 210.03 CNY
  category: "Gold Jewelry"
  sku: "DDFF2305170A000000000035"
  qty: 1
  referenceNo: "209"
  orderId: "9f213eef-9888-4f32-a05d-fc8b4d1358f9"
  type: "Bill Item"
  sourceId: "824f91f2-2754-4e49-988d-b4a511549905"
  Expenses:CostOfSales:Purchase:PurchaseItem:BuyGoldJewelry 224.68 CNY
  category: "Gold Jewelry"
  sku: "DDFF2305170A000000000036"
  qty: 1
  referenceNo: "209"
  orderId: "9f213eef-9888-4f32-a05d-fc8b4d1358f9"
  type: "Bill Item"
  sourceId: "8d78e0ac-ac9e-4a4e-b281-258ea2bf24f1"
  Expenses:CostOfSales:Purchase:PurchaseItem:BuyGoldJewelry 214.14 CNY
  category: "Gold Jewelry"
  sku: "DDFF2305170A000000000037"
  qty: 1
  referenceNo: "209"
  orderId: "9f213eef-9888-4f32-a05d-fc8b4d1358f9"
  type: "Bill Item"
  sourceId: "1e698d44-fc52-483f-8e4c-99a45495f80a"
  Liabilities:CurrentLiabilities:AccountPayable
  referenceNo: "209"
  orderId: "9f213eef-9888-4f32-a05d-fc8b4d1358f9"
  type: "Bill"
  sourceId: "9f213eef-9888-4f32-a05d-fc8b4d1358f9"
  contact: "998 12345843 (深圳市翠綠手飾製造有限公司) [418d4c3f-7ae7-4edc-b509-fe215e1732a0]"
2023-05-17 * "Bill #152 XQXS2305150407"
  referenceNo: "152"
  orderId: "2eedc9ab-d3e9-45b5-85cb-6c816b643598"
  type: "Bill"
  Expenses:CostOfSales:Purchase:PurchaseItem:BuyGoldJewelry 1893.49 CNY
  category: "Gold Jewelry"
  sku: "DDFF23051703000000000001"
  qty: 1
  referenceNo: "152"
  orderId: "2eedc9ab-d3e9-45b5-85cb-6c816b643598"
  type: "Bill Item"
  sourceId: "56eb7fc7-9875-4bbb-8d82-c53189fd52a7"
  Expenses:CostOfSales:Purchase:PurchaseItem:BuyGoldJewelry 2121.17 CNY
  category: "Gold Jewelry"
  sku: "DDFF23051703000000000002"
  qty: 1
  referenceNo: "152"
  orderId: "2eedc9ab-d3e9-45b5-85cb-6c816b643598"
  type: "Bill Item"
  sourceId: "5bbed1d8-d854-4a12-adf4-1195cdaaa155"
  Liabilities:CurrentLiabilities:AccountPayable
  referenceNo: "152"
  orderId: "2eedc9ab-d3e9-45b5-85cb-6c816b643598"
  type: "Bill"
  sourceId: "2eedc9ab-d3e9-45b5-85cb-6c816b643598"
  contact: "998 12345843 (深圳市翠綠手飾製造有限公司) [418d4c3f-7ae7-4edc-b509-fe215e1732a0]"
2023-05-17 * "Bill #174 XSCK2305165087"
  referenceNo: "174"
  orderId: "963ae571-49b5-419f-8558-7b94c5716156"
  type: "Bill"
  Expenses:CostOfSales:Purchase:PurchaseItem:BuyGoldJewelry 34354.35 CNY
  category: "Gold Jewelry"
  sku: "DDFF2305170C000000000006"
  qty: 1
  referenceNo: "174"
  orderId: "963ae571-49b5-419f-8558-7b94c5716156"
  type: "Bill Item"
  sourceId: "607c1f4b-a22d-454c-ac2c-4ae0f3ea6245"
  Liabilities:CurrentLiabilities:AccountPayable
  referenceNo: "174"
  orderId: "963ae571-49b5-419f-8558-7b94c5716156"
  type: "Bill"
  sourceId: "963ae571-49b5-419f-8558-7b94c5716156"
  contact: "998 12345843 (深圳市翠綠手飾製造有限公司) [418d4c3f-7ae7-4edc-b509-fe215e1732a0]"
2023-05-17 * "Bill #182 XSCK2305165082"
  referenceNo: "182"
  orderId: "01af3413-8aa4-4087-817c-403883259e23"
  type: "Bill"
  Expenses:CostOfSales:Purchase:PurchaseItem:BuyGoldJewelry 6025.62 CNY
  category: "Gold Jewelry"
  sku: "DDFF23051704000000000059"
  qty: 1
  referenceNo: "182"
  orderId: "01af3413-8aa4-4087-817c-403883259e23"
  type: "Bill Item"
  sourceId: "066e574e-736f-4fe0-b89f-4eed9bfce36e"
  Expenses:CostOfSales:Purchase:PurchaseItem:BuyGoldJewelry 1333.27 CNY
  category: "Gold Jewelry"
  sku: "DDFF23051705000000000008"
  qty: 1
  referenceNo: "182"
  orderId: "01af3413-8aa4-4087-817c-403883259e23"
  type: "Bill Item"
  sourceId: "5623c053-fb31-4abd-aa99-d75e10e05e79"
  Expenses:CostOfSales:Purchase:PurchaseItem:BuyGoldJewelry 2603.66 CNY
  category: "Gold Jewelry"
  sku: "DDFF23051703000000000070"
  qty: 1
  referenceNo: "182"
  orderId: "01af3413-8aa4-4087-817c-403883259e23"
  type: "Bill Item"
  sourceId: "4ac7c7f1-9431-4f2a-97a1-ff8d7a4abfc9"
  Expenses:CostOfSales:Purchase:PurchaseItem:BuyGoldJewelry 3941.04 CNY
  category: "Gold Jewelry"
  sku: "DDFF23051704000000000076"
  qty: 1
  referenceNo: "182"
  orderId: "01af3413-8aa4-4087-817c-403883259e23"
  type: "Bill Item"
  sourceId: "9f32488f-dd33-4986-a3e2-98edaa0c6ed2"
  Expenses:CostOfSales:Purchase:PurchaseItem:BuyGoldJewelry 1620.29 CNY
  category: "Gold Jewelry"
  sku: "DDFF23051705000000000007"
  qty: 1
  referenceNo: "182"
  orderId: "01af3413-8aa4-4087-817c-403883259e23"
  type: "Bill Item"
  sourceId: "33489078-72d2-43d8-baf3-0d6d05f6b425"
  Expenses:CostOfSales:Purchase:PurchaseItem:BuyGoldJewelry 3277.83 CNY
  category: "Gold Jewelry"
  sku: "DDFF23051703000000000042"
  qty: 1
  referenceNo: "182"
  orderId: "01af3413-8aa4-4087-817c-403883259e23"
  type: "Bill Item"
  sourceId: "189ac97c-55e6-4313-b3da-f9821276cef5"
  Expenses:CostOfSales:Purchase:PurchaseItem:BuyGoldJewelry 4393.68 CNY
  category: "Gold Jewelry"
  sku: "DDFF23051703000000000041"
  qty: 1
  referenceNo: "182"
  orderId: "01af3413-8aa4-4087-817c-403883259e23"
  type: "Bill Item"
  sourceId: "596a4992-08bc-4c67-8cb6-9fc4057f71e5"
  Expenses:CostOfSales:Purchase:PurchaseItem:BuyGoldJewelry 4402.98 CNY
  category: "Gold Jewelry"
  sku: "DDFF23051703000000000040"
  qty: 1
  referenceNo: "182"
  orderId: "01af3413-8aa4-4087-817c-403883259e23"
  type: "Bill Item"
  sourceId: "a080a47b-0cb9-4daf-896c-3f1b1b22030f"
  Expenses:CostOfSales:Purchase:PurchaseItem:BuyGoldJewelry 4379.73 CNY
  category: "Gold Jewelry"
  sku: "DDFF23051703000000000054"
  qty: 1
  referenceNo: "182"
  orderId: "01af3413-8aa4-4087-817c-403883259e23"
  type: "Bill Item"
  sourceId: "040fa04e-4818-4277-bb6b-06d3a91474f7"
  Expenses:CostOfSales:Purchase:PurchaseItem:BuyGoldJewelry 6360.62 CNY
  category: "Gold Jewelry"
  sku: "DDFF23051704000000000071"
  qty: 1
  referenceNo: "182"
  orderId: "01af3413-8aa4-4087-817c-403883259e23"
  type: "Bill Item"
  sourceId: "579a05bd-9b9f-4b7f-8aab-88c469826433"
  Expenses:CostOfSales:Purchase:PurchaseItem:BuyGoldJewelry 3208.09 CNY
  category: "Gold Jewelry"
  sku: "DDFF23051704000000000081"
  qty: 1
  referenceNo: "182"
  orderId: "01af3413-8aa4-4087-817c-403883259e23"
  type: "Bill Item"
  sourceId: "04c9cdee-ea88-4be9-b417-153c8270e8c8"
  Expenses:CostOfSales:Purchase:PurchaseItem:BuyGoldJewelry 6383.81 CNY
  category: "Gold Jewelry"
  sku: "DDFF23051704000000000070"
  qty: 1
  referenceNo: "182"
  orderId: "01af3413-8aa4-4087-817c-403883259e23"
  type: "Bill Item"
  sourceId: "e5244acc-4b78-45c0-bc37-ab6810ef9b38"
  Expenses:CostOfSales:Purchase:PurchaseItem:BuyGoldJewelry 6151.84 CNY
  category: "Gold Jewelry"
  sku: "DDFF23051704000000000069"
  qty: 1
  referenceNo: "182"
  orderId: "01af3413-8aa4-4087-817c-403883259e23"
  type: "Bill Item"
  sourceId: "a8754b10-3250-4f16-bf09-7cca29c92a68"
  Expenses:CostOfSales:Purchase:PurchaseItem:BuyGoldJewelry 4211.50 CNY
  category: "Gold Jewelry"
  sku: "DDFF23051704000000000067"
  qty: 1
  referenceNo: "182"
  orderId: "01af3413-8aa4-4087-817c-403883259e23"
  type: "Bill Item"
  sourceId: "98c7c841-4ab9-4a20-96d3-b37bdf4b52e0"
  Expenses:CostOfSales:Purchase:PurchaseItem:BuyGoldJewelry 4202.24 CNY
  category: "Gold Jewelry"
  sku: "DDFF23051704000000000066"
  qty: 1
  referenceNo: "182"
  orderId: "01af3413-8aa4-4087-817c-403883259e23"
  type: "Bill Item"
  sourceId: "30e2c048-68a8-4f99-8d8c-b4ba48c55581"
  Expenses:CostOfSales:Purchase:PurchaseItem:BuyGoldJewelry 1297.18 CNY
  category: "Gold Jewelry"
  sku: "DDFF23051704000000000079"
  qty: 1
  referenceNo: "182"
  orderId: "01af3413-8aa4-4087-817c-403883259e23"
  type: "Bill Item"
  sourceId: "4bb098ba-ce39-4ed6-b6b1-2c8c2866d515"
  Expenses:CostOfSales:Purchase:PurchaseItem:BuyGoldJewelry 6666.82 CNY
  category: "Gold Jewelry"
  sku: "DDFF23051704000000000065"
  qty: 1
  referenceNo: "182"
  orderId: "01af3413-8aa4-4087-817c-403883259e23"
  type: "Bill Item"
  sourceId: "900aaa6a-35a0-4511-99d3-5f029cae59aa"
  Expenses:CostOfSales:Purchase:PurchaseItem:BuyGoldJewelry 5946.58 CNY
  category: "Gold Jewelry"
  sku: "DDFF23051704000000000063"
  qty: 1
  referenceNo: "182"
  orderId: "01af3413-8aa4-4087-817c-403883259e23"
  type: "Bill Item"
  sourceId: "f29bf214-b3fb-4603-967f-e5aebfe68933"
  Expenses:CostOfSales:Purchase:PurchaseItem:BuyGoldJewelry 6434.77 CNY
  category: "Gold Jewelry"
  sku: "DDFF23051704000000000062"
  qty: 1
  referenceNo: "182"
  orderId: "01af3413-8aa4-4087-817c-403883259e23"
  type: "Bill Item"
  sourceId: "36ee9728-aa85-4ac1-bce5-94c04e64563d"
  Expenses:CostOfSales:Purchase:PurchaseItem:BuyGoldJewelry 2631.56 CNY
  category: "Gold Jewelry"
  sku: "DDFF23051704000000000090"
  qty: 1
  referenceNo: "182"
  orderId: "01af3413-8aa4-4087-817c-403883259e23"
  type: "Bill Item"
  sourceId: "2a6a1cbc-e85a-40b4-a9a4-1eb52fc54344"
  Expenses:CostOfSales:Purchase:PurchaseItem:BuyGoldJewelry 7666.86 CNY
  category: "Gold Jewelry"
  sku: "DDFF23051704000000000061"
  qty: 1
  referenceNo: "182"
  orderId: "01af3413-8aa4-4087-817c-403883259e23"
  type: "Bill Item"
  sourceId: "5e578b6e-67a3-4ecb-a1f4-66e87560eafb"
  Expenses:CostOfSales:Purchase:PurchaseItem:BuyGoldJewelry 2552.52 CNY
  category: "Gold Jewelry"
  sku: "DDFF23051704000000000092"
  qty: 1
  referenceNo: "182"
  orderId: "01af3413-8aa4-4087-817c-403883259e23"
  type: "Bill Item"
  sourceId: "abfb6c8b-6285-4fa7-abf1-d35c8a09fe16"
  Expenses:CostOfSales:Purchase:PurchaseItem:BuyGoldJewelry 3003.51 CNY
  category: "Gold Jewelry"
  sku: "DDFF23051704000000000080"
  qty: 1
  referenceNo: "182"
  orderId: "01af3413-8aa4-4087-817c-403883259e23"
  type: "Bill Item"
  sourceId: "6eb19658-446d-4bac-8728-32bf1a11a1ef"
  Expenses:CostOfSales:Purchase:PurchaseItem:BuyGoldJewelry 6988.05 CNY
  category: "Gold Jewelry"
  sku: "DDFF23051704000000000058"
  qty: 1
  referenceNo: "182"
  orderId: "01af3413-8aa4-4087-817c-403883259e23"
  type: "Bill Item"
  sourceId: "12fc4948-04de-4a87-9dd3-85c24af3be27"
  Expenses:CostOfSales:Purchase:PurchaseItem:BuyGoldJewelry 6764.88 CNY
  category: "Gold Jewelry"
  sku: "DDFF23051704000000000057"
  qty: 1
  referenceNo: "182"
  orderId: "01af3413-8aa4-4087-817c-403883259e23"
  type: "Bill Item"
  sourceId: "8d6e4556-bb8a-4d8e-af6f-107794407113"
  Expenses:CostOfSales:Purchase:PurchaseItem:BuyGoldJewelry 6392.93 CNY
  category: "Gold Jewelry"
  sku: "DDFF23051704000000000056"
  qty: 1
  referenceNo: "182"
  orderId: "01af3413-8aa4-4087-817c-403883259e23"
  type: "Bill Item"
  sourceId: "1a7c798a-aed0-414d-9c67-6c8d93ee205e"
  Expenses:CostOfSales:Purchase:PurchaseItem:BuyGoldJewelry 6225.55 CNY
  category: "Gold Jewelry"
  sku: "DDFF23051704000000000055"
  qty: 1
  referenceNo: "182"
  orderId: "01af3413-8aa4-4087-817c-403883259e23"
  type: "Bill Item"
  sourceId: "a2c847b3-b98d-4e6b-b582-754a58803475"
  Expenses:CostOfSales:Purchase:PurchaseItem:BuyGoldJewelry 1297.18 CNY
  category: "Gold Jewelry"
  sku: "DDFF23051704000000000078"
  qty: 1
  referenceNo: "182"
  orderId: "01af3413-8aa4-4087-817c-403883259e23"
  type: "Bill Item"
  sourceId: "f8fde733-f2e9-45b4-8954-0e7d4a7d6ff7"
  Expenses:CostOfSales:Purchase:PurchaseItem:BuyGoldJewelry 3194.14 CNY
  category: "Gold Jewelry"
  sku: "DDFF23051703000000000051"
  qty: 1
  referenceNo: "182"
  orderId: "01af3413-8aa4-4087-817c-403883259e23"
  type: "Bill Item"
  sourceId: "b93d7a16-f110-4625-b3ef-d07e614513e2"
  Expenses:CostOfSales:Purchase:PurchaseItem:BuyGoldJewelry 8638.56 CNY
  category: "Gold Jewelry"
  sku: "DDFF23051704000000000054"
  qty: 1
  referenceNo: "182"
  orderId: "01af3413-8aa4-4087-817c-403883259e23"
  type: "Bill Item"
  sourceId: "51f71b1a-1d2d-4e64-9604-e3974cbdb212"
  Expenses:CostOfSales:Purchase:PurchaseItem:BuyGoldJewelry 2612.96 CNY
  category: "Gold Jewelry"
  sku: "DDFF23051704000000000093"
  qty: 1
  referenceNo: "182"
  orderId: "01af3413-8aa4-4087-817c-403883259e23"
  type: "Bill Item"
  sourceId: "0f7ad64b-3f42-43af-bde1-9daede37ef91"
  Expenses:CostOfSales:Purchase:PurchaseItem:BuyGoldJewelry 3858.07 CNY
  category: "Gold Jewelry"
  sku: "DDFF23051704000000000077"
  qty: 1
  referenceNo: "182"
  orderId: "01af3413-8aa4-4087-817c-403883259e23"
  type: "Bill Item"
  sourceId: "d00471c9-e27f-4957-b7a4-4bb6d4f51a5c"
  Expenses:CostOfSales:Purchase:PurchaseItem:BuyGoldJewelry 3590.72 CNY
  category: "Gold Jewelry"
  sku: "DDFF23051704000000000075"
  qty: 1
  referenceNo: "182"
  orderId: "01af3413-8aa4-4087-817c-403883259e23"
  type: "Bill Item"
  sourceId: "214c2fee-c34b-4d2e-9428-37bb7620ab4a"
  Expenses:CostOfSales:Purchase:PurchaseItem:BuyGoldJewelry 2877.98 CNY
  category: "Gold Jewelry"
  sku: "DDFF23051704000000000094"
  qty: 1
  referenceNo: "182"
  orderId: "01af3413-8aa4-4087-817c-403883259e23"
  type: "Bill Item"
  sourceId: "914744c3-bd47-4b72-b6b4-32ad215809d0"
  Expenses:CostOfSales:Purchase:PurchaseItem:BuyGoldJewelry 4100.77 CNY
  category: "Gold Jewelry"
  sku: "DDFF23051703000000000055"
  qty: 1
  referenceNo: "182"
  orderId: "01af3413-8aa4-4087-817c-403883259e23"
  type: "Bill Item"
  sourceId: "d9598b62-203b-444e-9989-61e079091e25"
  Expenses:CostOfSales:Purchase:PurchaseItem:BuyGoldJewelry 4710.81 CNY
  category: "Gold Jewelry"
  sku: "DDFF23051704000000000074"
  qty: 1
  referenceNo: "182"
  orderId: "01af3413-8aa4-4087-817c-403883259e23"
  type: "Bill Item"
  sourceId: "36099a08-747f-41d8-b6cc-6a50e24c23e8"
  Expenses:CostOfSales:Purchase:PurchaseItem:BuyGoldJewelry 1929.50 CNY
  category: "Gold Jewelry"
  sku: "DDFF23051704000000000096"
  qty: 1
  referenceNo: "182"
  orderId: "01af3413-8aa4-4087-817c-403883259e23"
  type: "Bill Item"
  sourceId: "cf97fa47-1706-42dc-8e48-5f7cf7ade9f4"
  Expenses:CostOfSales:Purchase:PurchaseItem:BuyGoldJewelry 1938.80 CNY
  category: "Gold Jewelry"
  sku: "DDFF23051704000000000097"
  qty: 1
  referenceNo: "182"
  orderId: "01af3413-8aa4-4087-817c-403883259e23"
  type: "Bill Item"
  sourceId: "dfe33c1c-3419-4eb8-9d36-63f02ce70338"
  Expenses:CostOfSales:Purchase:PurchaseItem:BuyGoldJewelry 2547.87 CNY
  category: "Gold Jewelry"
  sku: "DDFF23051704000000000082"
  qty: 1
  referenceNo: "182"
  orderId: "01af3413-8aa4-4087-817c-403883259e23"
  type: "Bill Item"
  sourceId: "74b95f7c-3230-423a-81e9-5355bbd73d57"
  Expenses:CostOfSales:Purchase:PurchaseItem:BuyGoldJewelry 2375.84 CNY
  category: "Gold Jewelry"
  sku: "DDFF23051704000000000088"
  qty: 1
  referenceNo: "182"
  orderId: "01af3413-8aa4-4087-817c-403883259e23"
  type: "Bill Item"
  sourceId: "ca546379-3a8c-4dee-ab8e-4c2b377ac475"
  Expenses:CostOfSales:Purchase:PurchaseItem:BuyGoldJewelry 2836.13 CNY
  category: "Gold Jewelry"
  sku: "DDFF23051704000000000098"
  qty: 1
  referenceNo: "182"
  orderId: "01af3413-8aa4-4087-817c-403883259e23"
  type: "Bill Item"
  sourceId: "96d2df8a-8884-4b68-88d7-7c1aef841b95"
  Expenses:CostOfSales:Purchase:PurchaseItem:BuyGoldJewelry 3747.44 CNY
  category: "Gold Jewelry"
  sku: "DDFF23051704000000000073"
  qty: 1
  referenceNo: "182"
  orderId: "01af3413-8aa4-4087-817c-403883259e23"
  type: "Bill Item"
  sourceId: "5507dba3-b951-468a-a103-85e407ebffa4"
  Expenses:CostOfSales:Purchase:PurchaseItem:BuyGoldJewelry 1780.72 CNY
  category: "Gold Jewelry"
  sku: "DDFF23051704000000000100"
  qty: 1
  referenceNo: "182"
  orderId: "01af3413-8aa4-4087-817c-403883259e23"
  type: "Bill Item"
  sourceId: "942ebc83-ba91-45e6-b0a4-aeb9ff12ec68"
  Expenses:CostOfSales:Purchase:PurchaseItem:BuyGoldJewelry 2543.22 CNY
  category: "Gold Jewelry"
  sku: "DDFF23051703000000000056"
  qty: 1
  referenceNo: "182"
  orderId: "01af3413-8aa4-4087-817c-403883259e23"
  type: "Bill Item"
  sourceId: "7ad2a5b7-1e82-43cc-93f3-0c4d65a09b57"
  Expenses:CostOfSales:Purchase:PurchaseItem:BuyGoldJewelry 3375.46 CNY
  category: "Gold Jewelry"
  sku: "DDFF23051703000000000058"
  qty: 1
  referenceNo: "182"
  orderId: "01af3413-8aa4-4087-817c-403883259e23"
  type: "Bill Item"
  sourceId: "ad03d59d-ea64-4a83-8520-51324cda1a78"
  Expenses:CostOfSales:Purchase:PurchaseItem:BuyGoldJewelry 2957.02 CNY
  category: "Gold Jewelry"
  sku: "DDFF23051704000000000087"
  qty: 1
  referenceNo: "182"
  orderId: "01af3413-8aa4-4087-817c-403883259e23"
  type: "Bill Item"
  sourceId: "6b5800e1-829f-4822-b206-c60834f2a4d1"
  Expenses:CostOfSales:Purchase:PurchaseItem:BuyGoldJewelry 1771.42 CNY
  category: "Gold Jewelry"
  sku: "DDFF23051704000000000101"
  qty: 1
  referenceNo: "182"
  orderId: "01af3413-8aa4-4087-817c-403883259e23"
  type: "Bill Item"
  sourceId: "d5251624-7c69-4ade-9439-004d967be158"
  Expenses:CostOfSales:Purchase:PurchaseItem:BuyGoldJewelry 2516.08 CNY
  category: "Gold Jewelry"
  sku: "DDFF23051701000000000007"
  qty: 1
  referenceNo: "182"
  orderId: "01af3413-8aa4-4087-817c-403883259e23"
  type: "Bill Item"
  sourceId: "e8fc9e1d-9721-4633-b432-e22775eb8a3b"
  Expenses:CostOfSales:Purchase:PurchaseItem:BuyGoldJewelry 3245.28 CNY
  category: "Gold Jewelry"
  sku: "DDFF23051703000000000059"
  qty: 1
  referenceNo: "182"
  orderId: "01af3413-8aa4-4087-817c-403883259e23"
  type: "Bill Item"
  sourceId: "37fbec10-4d74-4f51-932c-5e66ea9ffd6f"
  Expenses:CostOfSales:Purchase:PurchaseItem:BuyGoldJewelry 2798.94 CNY
  category: "Gold Jewelry"
  sku: "DDFF23051704000000000085"
  qty: 1
  referenceNo: "182"
  orderId: "01af3413-8aa4-4087-817c-403883259e23"
  type: "Bill Item"
  sourceId: "5f44117c-3b19-4423-97ac-59b1038efd5d"
  Expenses:CostOfSales:Purchase:PurchaseItem:BuyGoldJewelry 2446.19 CNY
  category: "Gold Jewelry"
  sku: "DDFF23051701000000000009"
  qty: 1
  referenceNo: "182"
  orderId: "01af3413-8aa4-4087-817c-403883259e23"
  type: "Bill Item"
  sourceId: "7ca60b40-66be-40ae-b9ab-3994dbea8f2b"
  Expenses:CostOfSales:Purchase:PurchaseItem:BuyGoldJewelry 6197.65 CNY
  category: "Gold Jewelry"
  sku: "DDFF23051704000000000060"
  qty: 1
  referenceNo: "182"
  orderId: "01af3413-8aa4-4087-817c-403883259e23"
  type: "Bill Item"
  sourceId: "94306a4a-6f3e-4b6c-a936-175b3d3a2e2f"
  Expenses:CostOfSales:Purchase:PurchaseItem:BuyGoldJewelry 1476.78 CNY
  category: "Gold Jewelry"
  sku: "DDFF23051706000000000024"
  qty: 1
  referenceNo: "182"
  orderId: "01af3413-8aa4-4087-817c-403883259e23"
  type: "Bill Item"
  sourceId: "7069f9dd-516e-4cb0-8ae3-44207ea0e59d"
  Expenses:CostOfSales:Purchase:PurchaseItem:BuyGoldJewelry 1263.83 CNY
  category: "Gold Jewelry"
  sku: "DDFF23051705000000000016"
  qty: 1
  referenceNo: "182"
  orderId: "01af3413-8aa4-4087-817c-403883259e23"
  type: "Bill Item"
  sourceId: "aeeb9272-9bd1-4e91-b773-6a844c47670f"
  Expenses:CostOfSales:Purchase:PurchaseItem:BuyGoldJewelry 2115.64 CNY
  category: "Gold Jewelry"
  sku: "DDFF23051704000000000102"
  qty: 1
  referenceNo: "182"
  orderId: "01af3413-8aa4-4087-817c-403883259e23"
  type: "Bill Item"
  sourceId: "d38a0003-c370-4f41-9170-787c25bd572e"
  Expenses:CostOfSales:Purchase:PurchaseItem:BuyGoldJewelry 3226.68 CNY
  category: "Gold Jewelry"
  sku: "DDFF23051703000000000060"
  qty: 1
  referenceNo: "182"
  orderId: "01af3413-8aa4-4087-817c-403883259e23"
  type: "Bill Item"
  sourceId: "1daea908-881f-4a7c-9f30-a6b8c1062a08"
  Expenses:CostOfSales:Purchase:PurchaseItem:BuyGoldJewelry 2911.89 CNY
  category: "Gold Jewelry"
  sku: "DDFF23051703000000000072"
  qty: 1
  referenceNo: "182"
  orderId: "01af3413-8aa4-4087-817c-403883259e23"
  type: "Bill Item"
  sourceId: "57e3b589-7f16-497d-8d2d-57671ba27cc1"
  Expenses:CostOfSales:Purchase:PurchaseItem:BuyGoldJewelry 9283.93 CNY
  category: "Gold Jewelry"
  sku: "DDFF23051702000000000011"
  qty: 1
  referenceNo: "182"
  orderId: "01af3413-8aa4-4087-817c-403883259e23"
  type: "Bill Item"
  sourceId: "1d28ff33-91de-4226-97ac-5cbe0a506c85"
  Expenses:CostOfSales:Purchase:PurchaseItem:BuyGoldJewelry 3212.74 CNY
  category: "Gold Jewelry"
  sku: "DDFF23051703000000000062"
  qty: 1
  referenceNo: "182"
  orderId: "01af3413-8aa4-4087-817c-403883259e23"
  type: "Bill Item"
  sourceId: "08f902e8-d587-4931-9a60-abfff9e07154"
  Expenses:CostOfSales:Purchase:PurchaseItem:BuyGoldJewelry 3611.04 CNY
  category: "Gold Jewelry"
  sku: "DDFF23051701000000000010"
  qty: 1
  referenceNo: "182"
  orderId: "01af3413-8aa4-4087-817c-403883259e23"
  type: "Bill Item"
  sourceId: "be6cce8f-e49d-4984-bd26-d175bc3c034f"
  Expenses:CostOfSales:Purchase:PurchaseItem:BuyGoldJewelry 6634.34 CNY
  category: "Gold Jewelry"
  sku: "DDFF23051704000000000064"
  qty: 1
  referenceNo: "182"
  orderId: "01af3413-8aa4-4087-817c-403883259e23"
  type: "Bill Item"
  sourceId: "4ab45eb5-7d1a-4a2a-bce6-208410582e45"
  Expenses:CostOfSales:Purchase:PurchaseItem:BuyGoldJewelry 13373.73 CNY
  category: "Gold Jewelry"
  sku: "DDFF23051702000000000010"
  qty: 1
  referenceNo: "182"
  orderId: "01af3413-8aa4-4087-817c-403883259e23"
  type: "Bill Item"
  sourceId: "082cdfec-e039-42ca-98f2-32267c2d0260"
  Expenses:CostOfSales:Purchase:PurchaseItem:BuyGoldJewelry 805.52 CNY
  category: "Gold Jewelry"
  sku: "DDFF23051702000000000009"
  qty: 1
  referenceNo: "182"
  orderId: "01af3413-8aa4-4087-817c-403883259e23"
  type: "Bill Item"
  sourceId: "cb8c8012-e9de-4292-b03e-f3b916c11159"
  Expenses:CostOfSales:Purchase:PurchaseItem:BuyGoldJewelry 3219.65 CNY
  category: "Gold Jewelry"
  sku: "DDFF23051701000000000012"
  qty: 1
  referenceNo: "182"
  orderId: "01af3413-8aa4-4087-817c-403883259e23"
  type: "Bill Item"
  sourceId: "8fb4eece-7c1f-4eb0-bc9d-38367336a1e8"
  Expenses:CostOfSales:Purchase:PurchaseItem:BuyGoldJewelry 1356.41 CNY
  category: "Gold Jewelry"
  sku: "DDFF23051702000000000008"
  qty: 1
  referenceNo: "182"
  orderId: "01af3413-8aa4-4087-817c-403883259e23"
  type: "Bill Item"
  sourceId: "0e94e806-8f2b-49a3-b320-3c9f0534fde7"
  Expenses:CostOfSales:Purchase:PurchaseItem:BuyGoldJewelry 3212.74 CNY
  category: "Gold Jewelry"
  sku: "DDFF23051703000000000063"
  qty: 1
  referenceNo: "182"
  orderId: "01af3413-8aa4-4087-817c-403883259e23"
  type: "Bill Item"
  sourceId: "13e2088f-fb86-4714-bfc7-460a559b574e"
  Expenses:CostOfSales:Purchase:PurchaseItem:BuyGoldJewelry 3198.92 CNY
  category: "Gold Jewelry"
  sku: "DDFF23051702000000000007"
  qty: 1
  referenceNo: "182"
  orderId: "01af3413-8aa4-4087-817c-403883259e23"
  type: "Bill Item"
  sourceId: "0a20a568-ba82-415d-9f39-60c5be8008a3"
  Expenses:CostOfSales:Purchase:PurchaseItem:BuyGoldJewelry 6142.57 CNY
  category: "Gold Jewelry"
  sku: "DDFF23051704000000000068"
  qty: 1
  referenceNo: "182"
  orderId: "01af3413-8aa4-4087-817c-403883259e23"
  type: "Bill Item"
  sourceId: "779cf9a1-52bf-4fa7-b054-54c8fce23f07"
  Expenses:CostOfSales:Purchase:PurchaseItem:BuyGoldJewelry 2046.19 CNY
  category: "Gold Jewelry"
  sku: "DDFF23051703000000000039"
  qty: 1
  referenceNo: "182"
  orderId: "01af3413-8aa4-4087-817c-403883259e23"
  type: "Bill Item"
  sourceId: "7b22cc06-985e-44a7-90d0-10cf302588f1"
  Expenses:CostOfSales:Purchase:PurchaseItem:BuyGoldJewelry 2648.02 CNY
  category: "Gold Jewelry"
  sku: "DDFF23051702000000000006"
  qty: 1
  referenceNo: "182"
  orderId: "01af3413-8aa4-4087-817c-403883259e23"
  type: "Bill Item"
  sourceId: "d9cc56c7-ce3d-4018-a7b1-26bd34adb18f"
  Expenses:CostOfSales:Purchase:PurchaseItem:BuyGoldJewelry 2157.30 CNY
  category: "Gold Jewelry"
  sku: "DDFF23051702000000000005"
  qty: 1
  referenceNo: "182"
  orderId: "01af3413-8aa4-4087-817c-403883259e23"
  type: "Bill Item"
  sourceId: "5ee376b7-868f-4374-85c7-4e11de00d777"
  Expenses:CostOfSales:Purchase:PurchaseItem:BuyGoldJewelry 2157.30 CNY
  category: "Gold Jewelry"
  sku: "DDFF23051702000000000004"
  qty: 1
  referenceNo: "182"
  orderId: "01af3413-8aa4-4087-817c-403883259e23"
  type: "Bill Item"
  sourceId: "1552737f-69f2-429f-960d-fff5f71009c9"
  Expenses:CostOfSales:Purchase:PurchaseItem:BuyGoldJewelry 1747.28 CNY
  category: "Gold Jewelry"
  sku: "DDFF23051702000000000002"
  qty: 1
  referenceNo: "182"
  orderId: "01af3413-8aa4-4087-817c-403883259e23"
  type: "Bill Item"
  sourceId: "9e6d4853-8f24-444c-8d7f-6b2e48f29669"
  Expenses:CostOfSales:Purchase:PurchaseItem:BuyGoldJewelry 2198.68 CNY
  category: "Gold Jewelry"
  sku: "DDFF23051701000000000013"
  qty: 1
  referenceNo: "182"
  orderId: "01af3413-8aa4-4087-817c-403883259e23"
  type: "Bill Item"
  sourceId: "e7ff98bd-535b-4fe2-8da2-2520ae1451b3"
  Expenses:CostOfSales:Purchase:PurchaseItem:BuyGoldJewelry 3482.40 CNY
  category: "Gold Jewelry"
  sku: "DDFF23051703000000000043"
  qty: 1
  referenceNo: "182"
  orderId: "01af3413-8aa4-4087-817c-403883259e23"
  type: "Bill Item"
  sourceId: "d0b35565-32bf-4440-819b-27e7ac48595e"
  Expenses:CostOfSales:Purchase:PurchaseItem:BuyGoldJewelry 1268.46 CNY
  category: "Gold Jewelry"
  sku: "DDFF23051706000000000021"
  qty: 1
  referenceNo: "182"
  orderId: "01af3413-8aa4-4087-817c-403883259e23"
  type: "Bill Item"
  sourceId: "94b292ec-5667-4a5f-a5da-919e4e4b99ec"
  Expenses:CostOfSales:Purchase:PurchaseItem:BuyGoldJewelry 2440.94 CNY
  category: "Gold Jewelry"
  sku: "DDFF23051703000000000049"
  qty: 1
  referenceNo: "182"
  orderId: "01af3413-8aa4-4087-817c-403883259e23"
  type: "Bill Item"
  sourceId: "7ea16357-cf27-4375-80b8-963429d0fac0"
  Expenses:CostOfSales:Purchase:PurchaseItem:BuyGoldJewelry 3134.39 CNY
  category: "Gold Jewelry"
  sku: "DDFF23051701000000000014"
  qty: 1
  referenceNo: "182"
  orderId: "01af3413-8aa4-4087-817c-403883259e23"
  type: "Bill Item"
  sourceId: "0878eb5f-2162-4994-9cca-00c9f2ae2f61"
  Expenses:CostOfSales:Purchase:PurchaseItem:BuyGoldJewelry 2110.71 CNY
  category: "Gold Jewelry"
  sku: "DDFF23051702000000000003"
  qty: 1
  referenceNo: "182"
  orderId: "01af3413-8aa4-4087-817c-403883259e23"
  type: "Bill Item"
  sourceId: "53be78de-8a82-4aef-ab53-22cdec0f58b2"
  Expenses:CostOfSales:Purchase:PurchaseItem:BuyGoldJewelry 1185.13 CNY
  category: "Gold Jewelry"
  sku: "DDFF23051705000000000003"
  qty: 1
  referenceNo: "182"
  orderId: "01af3413-8aa4-4087-817c-403883259e23"
  type: "Bill Item"
  sourceId: "a9d1018a-26d8-4785-8f14-9839caa09db3"
  Expenses:CostOfSales:Purchase:PurchaseItem:BuyGoldJewelry 1599.39 CNY
  category: "Gold Jewelry"
  sku: "DDFF23051705000000000014"
  qty: 1
  referenceNo: "182"
  orderId: "01af3413-8aa4-4087-817c-403883259e23"
  type: "Bill Item"
  sourceId: "fab096f6-4ad2-45c7-aa8d-de92c83cbb8e"
  Expenses:CostOfSales:Purchase:PurchaseItem:BuyGoldJewelry 4291.40 CNY
  category: "Gold Jewelry"
  sku: "DDFF23051703000000000065"
  qty: 1
  referenceNo: "182"
  orderId: "01af3413-8aa4-4087-817c-403883259e23"
  type: "Bill Item"
  sourceId: "9a2e8053-bde9-4fae-82f9-595d94f18cd8"
  Expenses:CostOfSales:Purchase:PurchaseItem:BuyGoldJewelry 1208.27 CNY
  category: "Gold Jewelry"
  sku: "DDFF23051705000000000010"
  qty: 1
  referenceNo: "182"
  orderId: "01af3413-8aa4-4087-817c-403883259e23"
  type: "Bill Item"
  sourceId: "e757b95d-780f-4218-9279-6ff76487fc4f"
  Expenses:CostOfSales:Purchase:PurchaseItem:BuyGoldJewelry 1661.95 CNY
  category: "Gold Jewelry"
  sku: "DDFF23051706000000000023"
  qty: 1
  referenceNo: "182"
  orderId: "01af3413-8aa4-4087-817c-403883259e23"
  type: "Bill Item"
  sourceId: "b85ba68d-1ce2-4bcb-ab2d-41a90d6621f9"
  Expenses:CostOfSales:Purchase:PurchaseItem:BuyGoldJewelry 1217.53 CNY
  category: "Gold Jewelry"
  sku: "DDFF23051706000000000022"
  qty: 1
  referenceNo: "182"
  orderId: "01af3413-8aa4-4087-817c-403883259e23"
  type: "Bill Item"
  sourceId: "f0b24741-35cc-490e-960b-1eaf35ea64b0"
  Expenses:CostOfSales:Purchase:PurchaseItem:BuyGoldJewelry 1398.08 CNY
  category: "Gold Jewelry"
  sku: "DDFF23051705000000000006"
  qty: 1
  referenceNo: "182"
  orderId: "01af3413-8aa4-4087-817c-403883259e23"
  type: "Bill Item"
  sourceId: "40d4e902-9656-4bbe-beeb-5ce2b0b3892d"
  Expenses:CostOfSales:Purchase:PurchaseItem:BuyGoldJewelry 3222.03 CNY
  category: "Gold Jewelry"
  sku: "DDFF23051703000000000053"
  qty: 1
  referenceNo: "182"
  orderId: "01af3413-8aa4-4087-817c-403883259e23"
  type: "Bill Item"
  sourceId: "3b9dfeed-21e9-4da0-8b76-bd9f883ac356"
  Expenses:CostOfSales:Purchase:PurchaseItem:BuyGoldJewelry 1212.90 CNY
  category: "Gold Jewelry"
  sku: "DDFF23051706000000000020"
  qty: 1
  referenceNo: "182"
  orderId: "01af3413-8aa4-4087-817c-403883259e23"
  type: "Bill Item"
  sourceId: "7d8f2ee8-9649-4bea-b9a3-846a523bef68"
  Expenses:CostOfSales:Purchase:PurchaseItem:BuyGoldJewelry 3726.67 CNY
  category: "Gold Jewelry"
  sku: "DDFF23051705000000000002"
  qty: 1
  referenceNo: "182"
  orderId: "01af3413-8aa4-4087-817c-403883259e23"
  type: "Bill Item"
  sourceId: "8c5dbdcc-1107-4eaa-8985-458cd75ff410"
  Expenses:CostOfSales:Purchase:PurchaseItem:BuyGoldJewelry 1536.96 CNY
  category: "Gold Jewelry"
  sku: "DDFF23051706000000000019"
  qty: 1
  referenceNo: "182"
  orderId: "01af3413-8aa4-4087-817c-403883259e23"
  type: "Bill Item"
  sourceId: "c079b8b1-d302-4624-8c07-8f1e5ba6ac4a"
  Expenses:CostOfSales:Purchase:PurchaseItem:BuyGoldJewelry 3063.95 CNY
  category: "Gold Jewelry"
  sku: "DDFF23051703000000000057"
  qty: 1
  referenceNo: "182"
  orderId: "01af3413-8aa4-4087-817c-403883259e23"
  type: "Bill Item"
  sourceId: "ba3fa10e-4c63-49e3-98cc-e87f7c42f0f9"
  Expenses:CostOfSales:Purchase:PurchaseItem:BuyGoldJewelry 1701.68 CNY
  category: "Gold Jewelry"
  sku: "DDFF23051704000000000083"
  qty: 1
  referenceNo: "182"
  orderId: "01af3413-8aa4-4087-817c-403883259e23"
  type: "Bill Item"
  sourceId: "577686be-b460-40aa-96ac-c556cbb06ac7"
  Expenses:CostOfSales:Purchase:PurchaseItem:BuyGoldJewelry 4477.37 CNY
  category: "Gold Jewelry"
  sku: "DDFF23051703000000000071"
  qty: 1
  referenceNo: "182"
  orderId: "01af3413-8aa4-4087-817c-403883259e23"
  type: "Bill Item"
  sourceId: "aa2cf8cb-7c69-4ae5-aade-d8c76c44327f"
  Expenses:CostOfSales:Purchase:PurchaseItem:BuyGoldJewelry 2399.09 CNY
  category: "Gold Jewelry"
  sku: "DDFF23051703000000000066"
  qty: 1
  referenceNo: "182"
  orderId: "01af3413-8aa4-4087-817c-403883259e23"
  type: "Bill Item"
  sourceId: "8c18ca4b-1a47-4654-a732-ade63ec9077d"
  Expenses:CostOfSales:Purchase:PurchaseItem:BuyGoldJewelry 3077.90 CNY
  category: "Gold Jewelry"
  sku: "DDFF23051703000000000067"
  qty: 1
  referenceNo: "182"
  orderId: "01af3413-8aa4-4087-817c-403883259e23"
  type: "Bill Item"
  sourceId: "36af24b0-8b42-4391-b694-335d84b6f58c"
  Expenses:CostOfSales:Purchase:PurchaseItem:BuyGoldJewelry 1453.63 CNY
  category: "Gold Jewelry"
  sku: "DDFF23051706000000000018"
  qty: 1
  referenceNo: "182"
  orderId: "01af3413-8aa4-4087-817c-403883259e23"
  type: "Bill Item"
  sourceId: "ddcad729-9cd4-4f38-8761-3c4265370788"
  Expenses:CostOfSales:Purchase:PurchaseItem:BuyGoldJewelry 2227.19 CNY
  category: "Gold Jewelry"
  sku: "DDFF23051701000000000011"
  qty: 1
  referenceNo: "182"
  orderId: "01af3413-8aa4-4087-817c-403883259e23"
  type: "Bill Item"
  sourceId: "46dfb465-c87e-4c5d-8bb8-d9e90aa0b99c"
  Expenses:CostOfSales:Purchase:PurchaseItem:BuyGoldJewelry 2018.42 CNY
  category: "Gold Jewelry"
  sku: "DDFF23051705000000000004"
  qty: 1
  referenceNo: "182"
  orderId: "01af3413-8aa4-4087-817c-403883259e23"
  type: "Bill Item"
  sourceId: "e9adfcd1-27c9-485f-bbe6-c110d18f61ba"
  Expenses:CostOfSales:Purchase:PurchaseItem:BuyGoldJewelry 2590.63 CNY
  category: "Gold Jewelry"
  sku: "DDFF23051701000000000008"
  qty: 1
  referenceNo: "182"
  orderId: "01af3413-8aa4-4087-817c-403883259e23"
  type: "Bill Item"
  sourceId: "6cee42f0-9503-4116-b364-53475249f896"
  Expenses:CostOfSales:Purchase:PurchaseItem:BuyGoldJewelry 1134.45 CNY
  category: "Gold Jewelry"
  sku: "DDFF23051705000000000015"
  qty: 1
  referenceNo: "182"
  orderId: "01af3413-8aa4-4087-817c-403883259e23"
  type: "Bill Item"
  sourceId: "fd7faebd-7372-4eef-8733-eca2f5e40293"
  Expenses:CostOfSales:Purchase:PurchaseItem:BuyGoldJewelry 2752.44 CNY
  category: "Gold Jewelry"
  sku: "DDFF23051704000000000099"
  qty: 1
  referenceNo: "182"
  orderId: "01af3413-8aa4-4087-817c-403883259e23"
  type: "Bill Item"
  sourceId: "52ad91be-fd6c-4c85-8818-b221c68c84ad"
  Expenses:CostOfSales:Purchase:PurchaseItem:BuyGoldJewelry 1943.45 CNY
  category: "Gold Jewelry"
  sku: "DDFF23051705000000000013"
  qty: 1
  referenceNo: "182"
  orderId: "01af3413-8aa4-4087-817c-403883259e23"
  type: "Bill Item"
  sourceId: "7e0bfff6-73c9-48cb-87b6-a2aa325e7a97"
  Expenses:CostOfSales:Purchase:PurchaseItem:BuyGoldJewelry 3510.30 CNY
  category: "Gold Jewelry"
  sku: "DDFF23051703000000000061"
  qty: 1
  referenceNo: "182"
  orderId: "01af3413-8aa4-4087-817c-403883259e23"
  type: "Bill Item"
  sourceId: "d276a118-b882-4b2d-9ed4-b09f9a66083d"
  Expenses:CostOfSales:Purchase:PurchaseItem:BuyGoldJewelry 3366.17 CNY
  category: "Gold Jewelry"
  sku: "DDFF23051703000000000064"
  qty: 1
  referenceNo: "182"
  orderId: "01af3413-8aa4-4087-817c-403883259e23"
  type: "Bill Item"
  sourceId: "e464483b-a990-4ed0-aac9-c8a1ef801a4d"
  Expenses:CostOfSales:Purchase:PurchaseItem:BuyGoldJewelry 1388.82 CNY
  category: "Gold Jewelry"
  sku: "DDFF23051705000000000005"
  qty: 1
  referenceNo: "182"
  orderId: "01af3413-8aa4-4087-817c-403883259e23"
  type: "Bill Item"
  sourceId: "ed7313dd-5667-42cf-b283-3303825ee0b0"
  Expenses:CostOfSales:Purchase:PurchaseItem:BuyGoldJewelry 2910.52 CNY
  category: "Gold Jewelry"
  sku: "DDFF23051704000000000095"
  qty: 1
  referenceNo: "182"
  orderId: "01af3413-8aa4-4087-817c-403883259e23"
  type: "Bill Item"
  sourceId: "f0767c54-9424-4e49-a52d-243bb04ad7c7"
  Expenses:CostOfSales:Purchase:PurchaseItem:BuyGoldJewelry 3240.63 CNY
  category: "Gold Jewelry"
  sku: "DDFF23051703000000000068"
  qty: 1
  referenceNo: "182"
  orderId: "01af3413-8aa4-4087-817c-403883259e23"
  type: "Bill Item"
  sourceId: "3f1d005f-9e81-4a2a-8442-17dc3002eda8"
  Expenses:CostOfSales:Purchase:PurchaseItem:BuyGoldJewelry 2561.82 CNY
  category: "Gold Jewelry"
  sku: "DDFF23051704000000000089"
  qty: 1
  referenceNo: "182"
  orderId: "01af3413-8aa4-4087-817c-403883259e23"
  type: "Bill Item"
  sourceId: "8df10384-a197-41d5-a59c-488f0b5425a7"
  Expenses:CostOfSales:Purchase:PurchaseItem:BuyGoldJewelry 1599.39 CNY
  category: "Gold Jewelry"
  sku: "DDFF23051705000000000012"
  qty: 1
  referenceNo: "182"
  orderId: "01af3413-8aa4-4087-817c-403883259e23"
  type: "Bill Item"
  sourceId: "fb80c2ab-c44f-4158-9247-f74809e6c243"
  Expenses:CostOfSales:Purchase:PurchaseItem:BuyGoldJewelry 1697.03 CNY
  category: "Gold Jewelry"
  sku: "DDFF23051704000000000091"
  qty: 1
  referenceNo: "182"
  orderId: "01af3413-8aa4-4087-817c-403883259e23"
  type: "Bill Item"
  sourceId: "6d55e35b-c59c-4072-9d6c-04402b1fe8e8"
  Expenses:CostOfSales:Purchase:PurchaseItem:BuyGoldJewelry 3008.16 CNY
  category: "Gold Jewelry"
  sku: "DDFF23051704000000000086"
  qty: 1
  referenceNo: "182"
  orderId: "01af3413-8aa4-4087-817c-403883259e23"
  type: "Bill Item"
  sourceId: "e4a1d19a-cb20-431e-8640-01ce819796b0"
  Expenses:CostOfSales:Purchase:PurchaseItem:BuyGoldJewelry 3208.09 CNY
  category: "Gold Jewelry"
  sku: "DDFF23051704000000000084"
  qty: 1
  referenceNo: "182"
  orderId: "01af3413-8aa4-4087-817c-403883259e23"
  type: "Bill Item"
  sourceId: "1545ea93-5461-41b1-b1b7-b54324214078"
  Expenses:CostOfSales:Purchase:PurchaseItem:BuyGoldJewelry 3821.19 CNY
  category: "Gold Jewelry"
  sku: "DDFF23051704000000000072"
  qty: 1
  referenceNo: "182"
  orderId: "01af3413-8aa4-4087-817c-403883259e23"
  type: "Bill Item"
  sourceId: "d139ef2d-2c87-4a75-a0d6-4e205e623470"
  Expenses:CostOfSales:Purchase:PurchaseItem:BuyGoldJewelry 5672.27 CNY
  category: "Gold Jewelry"
  sku: "DDFF23051705000000000011"
  qty: 1
  referenceNo: "182"
  orderId: "01af3413-8aa4-4087-817c-403883259e23"
  type: "Bill Item"
  sourceId: "f9a3063c-afb3-41db-bedf-fd22660b16e9"
  Expenses:CostOfSales:Purchase:PurchaseItem:BuyGoldJewelry 1898.16 CNY
  category: "Gold Jewelry"
  sku: "DDFF23051705000000000009"
  qty: 1
  referenceNo: "182"
  orderId: "01af3413-8aa4-4087-817c-403883259e23"
  type: "Bill Item"
  sourceId: "3cf86f83-f7bf-414e-b8bd-fbd11ebc6d3a"
  Expenses:CostOfSales:Purchase:PurchaseItem:BuyGoldJewelry 3686.97 CNY
  category: "Gold Jewelry"
  sku: "DDFF23051703000000000069"
  qty: 1
  referenceNo: "182"
  orderId: "01af3413-8aa4-4087-817c-403883259e23"
  type: "Bill Item"
  sourceId: "f4fd5e31-596f-4ce7-a8c7-a45777c9682c"
  Expenses:CostOfSales:Purchase:PurchaseItem:BuyGoldJewelry 1910.90 CNY
  category: "Gold Jewelry"
  sku: "DDFF23051703000000000050"
  qty: 1
  referenceNo: "182"
  orderId: "01af3413-8aa4-4087-817c-403883259e23"
  type: "Bill Item"
  sourceId: "60858c0f-b8db-4646-9628-504cb7669030"
  Expenses:CostOfSales:Purchase:PurchaseItem:BuyGoldJewelry 3068.60 CNY
  category: "Gold Jewelry"
  sku: "DDFF23051703000000000048"
  qty: 1
  referenceNo: "182"
  orderId: "01af3413-8aa4-4087-817c-403883259e23"
  type: "Bill Item"
  sourceId: "7b335e31-3f30-40c7-b85d-c1e47bb0b640"
  Expenses:CostOfSales:Purchase:PurchaseItem:BuyGoldJewelry 2533.92 CNY
  category: "Gold Jewelry"
  sku: "DDFF23051703000000000052"
  qty: 1
  referenceNo: "182"
  orderId: "01af3413-8aa4-4087-817c-403883259e23"
  type: "Bill Item"
  sourceId: "9d3d29bf-58d7-4da5-b9c4-048a0a2a4884"
  Expenses:CostOfSales:Purchase:PurchaseItem:BuyGoldJewelry 1920.20 CNY
  category: "Gold Jewelry"
  sku: "DDFF23051703000000000047"
  qty: 1
  referenceNo: "182"
  orderId: "01af3413-8aa4-4087-817c-403883259e23"
  type: "Bill Item"
  sourceId: "f751d520-c57d-48c4-bb7d-6e5c4514e4ad"
  Expenses:CostOfSales:Purchase:PurchaseItem:BuyGoldJewelry 2933.77 CNY
  category: "Gold Jewelry"
  sku: "DDFF23051703000000000046"
  qty: 1
  referenceNo: "182"
  orderId: "01af3413-8aa4-4087-817c-403883259e23"
  type: "Bill Item"
  sourceId: "7e035273-626e-4a3d-849c-d73dc4567760"
  Expenses:CostOfSales:Purchase:PurchaseItem:BuyGoldJewelry 4147.26 CNY
  category: "Gold Jewelry"
  sku: "DDFF23051703000000000045"
  qty: 1
  referenceNo: "182"
  orderId: "01af3413-8aa4-4087-817c-403883259e23"
  type: "Bill Item"
  sourceId: "41135791-8689-4634-a295-8a7baf0f6367"
  Expenses:CostOfSales:Purchase:PurchaseItem:BuyGoldJewelry 4379.73 CNY
  category: "Gold Jewelry"
  sku: "DDFF23051703000000000044"
  qty: 1
  referenceNo: "182"
  orderId: "01af3413-8aa4-4087-817c-403883259e23"
  type: "Bill Item"
  sourceId: "18e5c6f8-0c06-4a44-b2f8-9a4487d3f558"
  Liabilities:CurrentLiabilities:AccountPayable
  referenceNo: "182"
  orderId: "01af3413-8aa4-4087-817c-403883259e23"
  type: "Bill"
  sourceId: "01af3413-8aa4-4087-817c-403883259e23"
  contact: "998 12345843 (深圳市翠綠手飾製造有限公司) [418d4c3f-7ae7-4edc-b509-fe215e1732a0]"
2023-05-17 * "Bill #166 XSCK2305165081"
  referenceNo: "166"
  orderId: "124c4f15-6493-4b71-a311-5632754e4115"
  type: "Bill"
  Expenses:CostOfSales:Purchase:PurchaseItem:BuyGoldJewelry 2371.52 CNY
  category: "Gold Jewelry"
  sku: "DDFF23051707000000000001"
  qty: 1
  referenceNo: "166"
  orderId: "124c4f15-6493-4b71-a311-5632754e4115"
  type: "Bill Item"
  sourceId: "52597073-5065-4d37-a9d4-42f20638e080"
  Expenses:CostOfSales:Purchase:PurchaseItem:BuyGoldJewelry 2531.45 CNY
  category: "Gold Jewelry"
  sku: "DDFF23051707000000000002"
  qty: 1
  referenceNo: "166"
  orderId: "124c4f15-6493-4b71-a311-5632754e4115"
  type: "Bill Item"
  sourceId: "41d5a9bf-87ee-4590-a9f3-155d404b46ca"
  Expenses:CostOfSales:Purchase:PurchaseItem:BuyGoldJewelry 2357.81 CNY
  category: "Gold Jewelry"
  sku: "DDFF23051707000000000003"
  qty: 1
  referenceNo: "166"
  orderId: "124c4f15-6493-4b71-a311-5632754e4115"
  type: "Bill Item"
  sourceId: "eb766bba-4810-4dae-99d9-da798e5d4cb1"
  Expenses:CostOfSales:Purchase:PurchaseItem:BuyGoldJewelry 10181.14 CNY
  category: "Gold Jewelry"
  sku: "DDFF23051704000000000036"
  qty: 1
  referenceNo: "166"
  orderId: "124c4f15-6493-4b71-a311-5632754e4115"
  type: "Bill Item"
  sourceId: "637ef244-c027-4440-bbba-62458648abee"
  Expenses:CostOfSales:Purchase:PurchaseItem:BuyGoldJewelry 7080.75 CNY
  category: "Gold Jewelry"
  sku: "DDFF23051704000000000037"
  qty: 1
  referenceNo: "166"
  orderId: "124c4f15-6493-4b71-a311-5632754e4115"
  type: "Bill Item"
  sourceId: "dcd1a8b5-913d-408f-95c3-07fddad05b43"
  Expenses:CostOfSales:Purchase:PurchaseItem:BuyGoldJewelry 12146.24 CNY
  category: "Gold Jewelry"
  sku: "DDFF23051704000000000038"
  qty: 1
  referenceNo: "166"
  orderId: "124c4f15-6493-4b71-a311-5632754e4115"
  type: "Bill Item"
  sourceId: "ca95d6b2-0b46-4475-8bc6-c10361d12aab"
  Expenses:CostOfSales:Purchase:PurchaseItem:BuyGoldJewelry 9474.43 CNY
  category: "Gold Jewelry"
  sku: "DDFF23051704000000000039"
  qty: 1
  referenceNo: "166"
  orderId: "124c4f15-6493-4b71-a311-5632754e4115"
  type: "Bill Item"
  sourceId: "9914ff95-4645-41f1-857e-f167a1704873"
  Expenses:CostOfSales:Purchase:PurchaseItem:BuyGoldJewelry 3339.16 CNY
  category: "Gold Jewelry"
  sku: "DDFF23051707000000000004"
  qty: 1
  referenceNo: "166"
  orderId: "124c4f15-6493-4b71-a311-5632754e4115"
  type: "Bill Item"
  sourceId: "6675759d-3161-4bb2-a60f-bc0ced4665c2"
  Expenses:CostOfSales:Purchase:PurchaseItem:BuyGoldJewelry 3375.96 CNY
  category: "Gold Jewelry"
  sku: "DDFF23051707000000000005"
  qty: 1
  referenceNo: "166"
  orderId: "124c4f15-6493-4b71-a311-5632754e4115"
  type: "Bill Item"
  sourceId: "f295f725-94af-4468-85de-1ea69e222389"
  Expenses:CostOfSales:Purchase:PurchaseItem:BuyGoldJewelry 3362.16 CNY
  category: "Gold Jewelry"
  sku: "DDFF23051707000000000006"
  qty: 1
  referenceNo: "166"
  orderId: "124c4f15-6493-4b71-a311-5632754e4115"
  type: "Bill Item"
  sourceId: "3cfd8f65-7e40-4c90-9581-ae6ad2d82db5"
  Expenses:CostOfSales:Purchase:PurchaseItem:BuyGoldJewelry 3380.56 CNY
  category: "Gold Jewelry"
  sku: "DDFF23051707000000000007"
  qty: 1
  referenceNo: "166"
  orderId: "124c4f15-6493-4b71-a311-5632754e4115"
  type: "Bill Item"
  sourceId: "73fbb1cf-41bd-467d-b10c-aa04145d156e"
  Expenses:CostOfSales:Purchase:PurchaseItem:BuyGoldJewelry 3389.76 CNY
  category: "Gold Jewelry"
  sku: "DDFF23051707000000000008"
  qty: 1
  referenceNo: "166"
  orderId: "124c4f15-6493-4b71-a311-5632754e4115"
  type: "Bill Item"
  sourceId: "1ba6cc33-0c42-4a92-89ef-f7e56a3dfe5d"
  Expenses:CostOfSales:Purchase:PurchaseItem:BuyGoldJewelry 3389.76 CNY
  category: "Gold Jewelry"
  sku: "DDFF23051707000000000009"
  qty: 1
  referenceNo: "166"
  orderId: "124c4f15-6493-4b71-a311-5632754e4115"
  type: "Bill Item"
  sourceId: "c43d077c-bb2d-4b40-918f-ea204a5aa7c6"
  Expenses:CostOfSales:Purchase:PurchaseItem:BuyGoldJewelry 8879.46 CNY
  category: "Gold Jewelry"
  sku: "DDFF23051703000000000003"
  qty: 1
  referenceNo: "166"
  orderId: "124c4f15-6493-4b71-a311-5632754e4115"
  type: "Bill Item"
  sourceId: "c30ce1e5-d41a-4888-873b-3c69f6fad77a"
  Expenses:CostOfSales:Purchase:PurchaseItem:BuyGoldJewelry 1933.19 CNY
  category: "Gold Jewelry"
  sku: "DDFF23051707000000000010"
  qty: 1
  referenceNo: "166"
  orderId: "124c4f15-6493-4b71-a311-5632754e4115"
  type: "Bill Item"
  sourceId: "656a21ee-462d-456c-83bc-d0c92dff150d"
  Expenses:CostOfSales:Purchase:PurchaseItem:BuyGoldJewelry 1928.63 CNY
  category: "Gold Jewelry"
  sku: "DDFF23051707000000000011"
  qty: 1
  referenceNo: "166"
  orderId: "124c4f15-6493-4b71-a311-5632754e4115"
  type: "Bill Item"
  sourceId: "3635f12f-08a5-4ce5-870d-607a7cc23148"
  Expenses:CostOfSales:Purchase:PurchaseItem:BuyGoldJewelry 1477.25 CNY
  category: "Gold Jewelry"
  sku: "DDFF23051707000000000012"
  qty: 1
  referenceNo: "166"
  orderId: "124c4f15-6493-4b71-a311-5632754e4115"
  type: "Bill Item"
  sourceId: "575677bb-6ba7-4dd0-ab94-50a42399a220"
  Expenses:CostOfSales:Purchase:PurchaseItem:BuyGoldJewelry 1933.19 CNY
  category: "Gold Jewelry"
  sku: "DDFF23051707000000000013"
  qty: 1
  referenceNo: "166"
  orderId: "124c4f15-6493-4b71-a311-5632754e4115"
  type: "Bill Item"
  sourceId: "77f45d1c-495c-45bd-a36a-b310f77f2e66"
  Expenses:CostOfSales:Purchase:PurchaseItem:BuyGoldJewelry 1905.57 CNY
  category: "Gold Jewelry"
  sku: "DDFF23051707000000000014"
  qty: 1
  referenceNo: "166"
  orderId: "124c4f15-6493-4b71-a311-5632754e4115"
  type: "Bill Item"
  sourceId: "641d8bf1-3cee-4886-9658-4afa8de1a2c1"
  Expenses:CostOfSales:Purchase:PurchaseItem:BuyGoldJewelry 9119.14 CNY
  category: "Gold Jewelry"
  sku: "DDFF23051704000000000040"
  qty: 1
  referenceNo: "166"
  orderId: "124c4f15-6493-4b71-a311-5632754e4115"
  type: "Bill Item"
  sourceId: "daad8cb8-24d6-493d-895d-098e02c1262c"
  Liabilities:CurrentLiabilities:AccountPayable
  referenceNo: "166"
  orderId: "124c4f15-6493-4b71-a311-5632754e4115"
  type: "Bill"
  sourceId: "124c4f15-6493-4b71-a311-5632754e4115"
  contact: "998 12345843 (深圳市翠綠手飾製造有限公司) [418d4c3f-7ae7-4edc-b509-fe215e1732a0]"
2023-05-17 * "Bill #175 XSCK2305165083"
  referenceNo: "175"
  orderId: "8d7fdcd1-4baf-4d12-a275-b99b561fb55b"
  type: "Bill"
  Expenses:CostOfSales:Purchase:PurchaseItem:BuyGoldJewelry 3065.89 CNY
  category: "Gold Jewelry"
  sku: "DDFF23051703000000000023"
  qty: 1
  referenceNo: "175"
  orderId: "8d7fdcd1-4baf-4d12-a275-b99b561fb55b"
  type: "Bill Item"
  sourceId: "9632a80f-f81c-4c85-8209-b73ab316f3f1"
  Expenses:CostOfSales:Purchase:PurchaseItem:BuyGoldJewelry 7762.56 CNY
  category: "Gold Jewelry"
  sku: "DDFF23051704000000000041"
  qty: 1
  referenceNo: "175"
  orderId: "8d7fdcd1-4baf-4d12-a275-b99b561fb55b"
  type: "Bill Item"
  sourceId: "e2a8cd2e-1a0b-43a4-bfe4-a9c92da0bed9"
  Expenses:CostOfSales:Purchase:PurchaseItem:BuyGoldJewelry 4449.73 CNY
  category: "Gold Jewelry"
  sku: "DDFF23051704000000000042"
  qty: 1
  referenceNo: "175"
  orderId: "8d7fdcd1-4baf-4d12-a275-b99b561fb55b"
  type: "Bill Item"
  sourceId: "659d1736-db85-434f-b81f-0b72f25e401e"
  Expenses:CostOfSales:Purchase:PurchaseItem:BuyGoldJewelry 11172.51 CNY
  category: "Gold Jewelry"
  sku: "DDFF23051704000000000043"
  qty: 1
  referenceNo: "175"
  orderId: "8d7fdcd1-4baf-4d12-a275-b99b561fb55b"
  type: "Bill Item"
  sourceId: "7a7f0bfe-b067-48dc-8147-c9d23f488cba"
  Expenses:CostOfSales:Purchase:PurchaseItem:BuyGoldJewelry 11102.77 CNY
  category: "Gold Jewelry"
  sku: "DDFF23051704000000000044"
  qty: 1
  referenceNo: "175"
  orderId: "8d7fdcd1-4baf-4d12-a275-b99b561fb55b"
  type: "Bill Item"
  sourceId: "cc409389-3abe-4edc-b336-a03c158df014"
  Expenses:CostOfSales:Purchase:PurchaseItem:BuyGoldJewelry 13944.61 CNY
  category: "Gold Jewelry"
  sku: "DDFF23051704000000000045"
  qty: 1
  referenceNo: "175"
  orderId: "8d7fdcd1-4baf-4d12-a275-b99b561fb55b"
  type: "Bill Item"
  sourceId: "b2feb14a-b59c-4697-8e0c-779fd64f3709"
  Expenses:CostOfSales:Purchase:PurchaseItem:BuyGoldJewelry 5540.00 CNY
  category: "Gold Jewelry"
  sku: "DDFF23051704000000000046"
  qty: 1
  referenceNo: "175"
  orderId: "8d7fdcd1-4baf-4d12-a275-b99b561fb55b"
  type: "Bill Item"
  sourceId: "a42964e5-93fa-4c4a-abd2-eb272d13bf90"
  Expenses:CostOfSales:Purchase:PurchaseItem:BuyGoldJewelry 6942.51 CNY
  category: "Gold Jewelry"
  sku: "DDFF23051704000000000047"
  qty: 1
  referenceNo: "175"
  orderId: "8d7fdcd1-4baf-4d12-a275-b99b561fb55b"
  type: "Bill Item"
  sourceId: "cd4a2678-57f9-4a71-a557-c7befeb66d6b"
  Expenses:CostOfSales:Purchase:PurchaseItem:BuyGoldJewelry 6114.98 CNY
  category: "Gold Jewelry"
  sku: "DDFF23051704000000000048"
  qty: 1
  referenceNo: "175"
  orderId: "8d7fdcd1-4baf-4d12-a275-b99b561fb55b"
  type: "Bill Item"
  sourceId: "8d28e06d-ee1b-4974-b2f2-7f0a1689a917"
  Expenses:CostOfSales:Purchase:PurchaseItem:BuyGoldJewelry 3813.71 CNY
  category: "Gold Jewelry"
  sku: "DDFF23051705000000000001"
  qty: 1
  referenceNo: "175"
  orderId: "8d7fdcd1-4baf-4d12-a275-b99b561fb55b"
  type: "Bill Item"
  sourceId: "229ab90a-2116-4e60-8fdb-fe0e89e86c2e"
  Expenses:CostOfSales:Purchase:PurchaseItem:BuyGoldJewelry 3022.89 CNY
  category: "Gold Jewelry"
  sku: "DDFF23051701000000000001"
  qty: 1
  referenceNo: "175"
  orderId: "8d7fdcd1-4baf-4d12-a275-b99b561fb55b"
  type: "Bill Item"
  sourceId: "25ce8cad-6348-4cb5-a937-61441831a046"
  Expenses:CostOfSales:Purchase:PurchaseItem:BuyGoldJewelry 3247.50 CNY
  category: "Gold Jewelry"
  sku: "DDFF23051701000000000002"
  qty: 1
  referenceNo: "175"
  orderId: "8d7fdcd1-4baf-4d12-a275-b99b561fb55b"
  type: "Bill Item"
  sourceId: "3ba9de26-705c-4898-a23e-61a120e4d95b"
  Expenses:CostOfSales:Purchase:PurchaseItem:BuyGoldJewelry 3559.78 CNY
  category: "Gold Jewelry"
  sku: "DDFF23051701000000000003"
  qty: 1
  referenceNo: "175"
  orderId: "8d7fdcd1-4baf-4d12-a275-b99b561fb55b"
  type: "Bill Item"
  sourceId: "90f05b50-ff9d-43bc-ae2e-46a06dbd7bb9"
  Expenses:CostOfSales:Purchase:PurchaseItem:BuyGoldJewelry 5283.76 CNY
  category: "Gold Jewelry"
  sku: "DDFF23051701000000000004"
  qty: 1
  referenceNo: "175"
  orderId: "8d7fdcd1-4baf-4d12-a275-b99b561fb55b"
  type: "Bill Item"
  sourceId: "993aa771-5554-44da-9aac-e0d8aa0d0d60"
  Expenses:CostOfSales:Purchase:PurchaseItem:BuyGoldJewelry 3294.20 CNY
  category: "Gold Jewelry"
  sku: "DDFF23051701000000000005"
  qty: 1
  referenceNo: "175"
  orderId: "8d7fdcd1-4baf-4d12-a275-b99b561fb55b"
  type: "Bill Item"
  sourceId: "4d54823a-145e-4799-9168-b7877c72074e"
  Expenses:CostOfSales:Purchase:PurchaseItem:BuyGoldJewelry 5400.24 CNY
  category: "Gold Jewelry"
  sku: "DDFF23051701000000000006"
  qty: 1
  referenceNo: "175"
  orderId: "8d7fdcd1-4baf-4d12-a275-b99b561fb55b"
  type: "Bill Item"
  sourceId: "de4552bf-c3f8-4b11-aade-e234a9f50ed4"
  Expenses:CostOfSales:Purchase:PurchaseItem:BuyGoldJewelry 4323.23 CNY
  category: "Gold Jewelry"
  sku: "DDFF23051703000000000017"
  qty: 1
  referenceNo: "175"
  orderId: "8d7fdcd1-4baf-4d12-a275-b99b561fb55b"
  type: "Bill Item"
  sourceId: "603f114c-8cef-492a-afcd-dc00b7f1789a"
  Expenses:CostOfSales:Purchase:PurchaseItem:BuyGoldJewelry 3867.11 CNY
  category: "Gold Jewelry"
  sku: "DDFF23051703000000000018"
  qty: 1
  referenceNo: "175"
  orderId: "8d7fdcd1-4baf-4d12-a275-b99b561fb55b"
  type: "Bill Item"
  sourceId: "040a356b-38da-4601-a83d-db47beb288fb"
  Expenses:CostOfSales:Purchase:PurchaseItem:BuyGoldJewelry 3881.28 CNY
  category: "Gold Jewelry"
  sku: "DDFF23051703000000000019"
  qty: 1
  referenceNo: "175"
  orderId: "8d7fdcd1-4baf-4d12-a275-b99b561fb55b"
  type: "Bill Item"
  sourceId: "69821702-d438-4c1d-af9d-c0b99e461c87"
  Expenses:CostOfSales:Purchase:PurchaseItem:BuyGoldJewelry 4202.78 CNY
  category: "Gold Jewelry"
  sku: "DDFF23051703000000000020"
  qty: 1
  referenceNo: "175"
  orderId: "8d7fdcd1-4baf-4d12-a275-b99b561fb55b"
  type: "Bill Item"
  sourceId: "426768d0-ef82-462d-a8b1-6f1607480e21"
  Expenses:CostOfSales:Purchase:PurchaseItem:BuyGoldJewelry 1891.72 CNY
  category: "Gold Jewelry"
  sku: "DDFF23051703000000000021"
  qty: 1
  referenceNo: "175"
  orderId: "8d7fdcd1-4baf-4d12-a275-b99b561fb55b"
  type: "Bill Item"
  sourceId: "3dba252e-ad60-42aa-a797-163fe2b2b5d2"
  Expenses:CostOfSales:Purchase:PurchaseItem:BuyGoldJewelry 3000.65 CNY
  category: "Gold Jewelry"
  sku: "DDFF23051703000000000022"
  qty: 1
  referenceNo: "175"
  orderId: "8d7fdcd1-4baf-4d12-a275-b99b561fb55b"
  type: "Bill Item"
  sourceId: "057198fc-e786-4e5b-aad8-1a9e47d47abe"
  Expenses:CostOfSales:Purchase:PurchaseItem:BuyGoldJewelry 6519.10 CNY
  category: "Gold Jewelry"
  sku: "DDFF23051704000000000049"
  qty: 1
  referenceNo: "175"
  orderId: "8d7fdcd1-4baf-4d12-a275-b99b561fb55b"
  type: "Bill Item"
  sourceId: "ef4bbe52-0b47-487a-a567-3b767c4db8d7"
  Expenses:CostOfSales:Purchase:PurchaseItem:BuyGoldJewelry 6308.81 CNY
  category: "Gold Jewelry"
  sku: "DDFF23051704000000000050"
  qty: 1
  referenceNo: "175"
  orderId: "8d7fdcd1-4baf-4d12-a275-b99b561fb55b"
  type: "Bill Item"
  sourceId: "8505a3b2-63e7-4ec8-8918-6baae861407e"
  Expenses:CostOfSales:Purchase:PurchaseItem:BuyGoldJewelry 6678.15 CNY
  category: "Gold Jewelry"
  sku: "DDFF23051704000000000051"
  qty: 1
  referenceNo: "175"
  orderId: "8d7fdcd1-4baf-4d12-a275-b99b561fb55b"
  type: "Bill Item"
  sourceId: "cc258008-54a9-47f8-8d1c-c8c79d406eff"
  Expenses:CostOfSales:Purchase:PurchaseItem:BuyGoldJewelry 4766.39 CNY
  category: "Gold Jewelry"
  sku: "DDFF23051704000000000052"
  qty: 1
  referenceNo: "175"
  orderId: "8d7fdcd1-4baf-4d12-a275-b99b561fb55b"
  type: "Bill Item"
  sourceId: "b0c68a4a-af5a-4888-8b7d-5e4193fa2342"
  Expenses:CostOfSales:Purchase:PurchaseItem:BuyGoldJewelry 3352.92 CNY
  category: "Gold Jewelry"
  sku: "DDFF23051703000000000024"
  qty: 1
  referenceNo: "175"
  orderId: "8d7fdcd1-4baf-4d12-a275-b99b561fb55b"
  type: "Bill Item"
  sourceId: "f54881de-d918-4db4-8d7c-0eaeb5582131"
  Expenses:CostOfSales:Purchase:PurchaseItem:BuyGoldJewelry 1960.17 CNY
  category: "Gold Jewelry"
  sku: "DDFF23051703000000000025"
  qty: 1
  referenceNo: "175"
  orderId: "8d7fdcd1-4baf-4d12-a275-b99b561fb55b"
  type: "Bill Item"
  sourceId: "472c3021-a167-4fc8-a013-ff9f1db03649"
  Expenses:CostOfSales:Purchase:PurchaseItem:BuyGoldJewelry 4895.80 CNY
  category: "Gold Jewelry"
  sku: "DDFF23051703000000000026"
  qty: 1
  referenceNo: "175"
  orderId: "8d7fdcd1-4baf-4d12-a275-b99b561fb55b"
  type: "Bill Item"
  sourceId: "a65968ee-d513-4491-8d98-a49ca4ed1b0c"
  Expenses:CostOfSales:Purchase:PurchaseItem:BuyGoldJewelry 4990.59 CNY
  category: "Gold Jewelry"
  sku: "DDFF23051703000000000027"
  qty: 1
  referenceNo: "175"
  orderId: "8d7fdcd1-4baf-4d12-a275-b99b561fb55b"
  type: "Bill Item"
  sourceId: "061a5ad7-c4c8-4978-9c5a-eeb6574ae885"
  Expenses:CostOfSales:Purchase:PurchaseItem:BuyGoldJewelry 7459.82 CNY
  category: "Gold Jewelry"
  sku: "DDFF23051703000000000028"
  qty: 1
  referenceNo: "175"
  orderId: "8d7fdcd1-4baf-4d12-a275-b99b561fb55b"
  type: "Bill Item"
  sourceId: "5a7e429f-2616-461b-a160-1e5e1174f44b"
  Expenses:CostOfSales:Purchase:PurchaseItem:BuyGoldJewelry 3610.84 CNY
  category: "Gold Jewelry"
  sku: "DDFF23051703000000000029"
  qty: 1
  referenceNo: "175"
  orderId: "8d7fdcd1-4baf-4d12-a275-b99b561fb55b"
  type: "Bill Item"
  sourceId: "21b6a2af-76ce-46da-9098-64c189e5d92c"
  Expenses:CostOfSales:Purchase:PurchaseItem:BuyGoldJewelry 2508.83 CNY
  category: "Gold Jewelry"
  sku: "DDFF23051703000000000030"
  qty: 1
  referenceNo: "175"
  orderId: "8d7fdcd1-4baf-4d12-a275-b99b561fb55b"
  type: "Bill Item"
  sourceId: "db0f4241-0828-485f-a0f1-de7d7a1dcc25"
  Expenses:CostOfSales:Purchase:PurchaseItem:BuyGoldJewelry 4309.56 CNY
  category: "Gold Jewelry"
  sku: "DDFF23051703000000000031"
  qty: 1
  referenceNo: "175"
  orderId: "8d7fdcd1-4baf-4d12-a275-b99b561fb55b"
  type: "Bill Item"
  sourceId: "fe76be8c-27f4-4e7a-bf96-e8b3cd7ec969"
  Expenses:CostOfSales:Purchase:PurchaseItem:BuyGoldJewelry 3732.76 CNY
  category: "Gold Jewelry"
  sku: "DDFF23051703000000000032"
  qty: 1
  referenceNo: "175"
  orderId: "8d7fdcd1-4baf-4d12-a275-b99b561fb55b"
  type: "Bill Item"
  sourceId: "95fc71c0-8ec7-4d46-beae-c5c4fa228f58"
  Expenses:CostOfSales:Purchase:PurchaseItem:BuyGoldJewelry 6094.50 CNY
  category: "Gold Jewelry"
  sku: "DDFF23051703000000000033"
  qty: 1
  referenceNo: "175"
  orderId: "8d7fdcd1-4baf-4d12-a275-b99b561fb55b"
  type: "Bill Item"
  sourceId: "107c29ff-9c38-4bee-a8ef-459c7a9ea869"
  Expenses:CostOfSales:Purchase:PurchaseItem:BuyGoldJewelry 10362.51 CNY
  category: "Gold Jewelry"
  sku: "DDFF23051703000000000034"
  qty: 1
  referenceNo: "175"
  orderId: "8d7fdcd1-4baf-4d12-a275-b99b561fb55b"
  type: "Bill Item"
  sourceId: "46aa0e93-f133-4edd-8fa5-0c862c6366d4"
  Expenses:CostOfSales:Purchase:PurchaseItem:BuyGoldJewelry 4957.60 CNY
  category: "Gold Jewelry"
  sku: "DDFF23051703000000000035"
  qty: 1
  referenceNo: "175"
  orderId: "8d7fdcd1-4baf-4d12-a275-b99b561fb55b"
  type: "Bill Item"
  sourceId: "74de6f11-2b60-40e4-ae0f-66fe8266b9c6"
  Expenses:CostOfSales:Purchase:PurchaseItem:BuyGoldJewelry 9924.52 CNY
  category: "Gold Jewelry"
  sku: "DDFF23051703000000000036"
  qty: 1
  referenceNo: "175"
  orderId: "8d7fdcd1-4baf-4d12-a275-b99b561fb55b"
  type: "Bill Item"
  sourceId: "ecb846a1-c1ac-4d5d-93e1-5a5ed767183e"
  Expenses:CostOfSales:Purchase:PurchaseItem:BuyGoldJewelry 4854.71 CNY
  category: "Gold Jewelry"
  sku: "DDFF23051703000000000037"
  qty: 1
  referenceNo: "175"
  orderId: "8d7fdcd1-4baf-4d12-a275-b99b561fb55b"
  type: "Bill Item"
  sourceId: "39d6d206-4dc3-411e-b70e-6ede8bab7b68"
  Expenses:CostOfSales:Purchase:PurchaseItem:BuyGoldJewelry 8431.15 CNY
  category: "Gold Jewelry"
  sku: "DDFF23051703000000000038"
  qty: 1
  referenceNo: "175"
  orderId: "8d7fdcd1-4baf-4d12-a275-b99b561fb55b"
  type: "Bill Item"
  sourceId: "25a694f6-2c06-45c7-9cf7-f151666b44c6"
  Expenses:CostOfSales:Purchase:PurchaseItem:BuyGoldJewelry 7789.00 CNY
  category: "Gold Jewelry"
  sku: "DDFF23051704000000000053"
  qty: 1
  referenceNo: "175"
  orderId: "8d7fdcd1-4baf-4d12-a275-b99b561fb55b"
  type: "Bill Item"
  sourceId: "13f329d8-9aa7-4268-a226-cd20020789ab"
  Liabilities:CurrentLiabilities:AccountPayable
  referenceNo: "175"
  orderId: "8d7fdcd1-4baf-4d12-a275-b99b561fb55b"
  type: "Bill"
  sourceId: "8d7fdcd1-4baf-4d12-a275-b99b561fb55b"
  contact: "998 12345843 (深圳市翠綠手飾製造有限公司) [418d4c3f-7ae7-4edc-b509-fe215e1732a0]"
2023-05-17 * "Bill #177 XSCK2305165086"
  referenceNo: "177"
  orderId: "95f9514c-45a9-462c-ad6c-942d2c29d7ff"
  type: "Bill"
  Expenses:CostOfSales:Purchase:PurchaseItem:BuyGoldJewelry 1172.91 CNY
  category: "Gold Jewelry"
  sku: "DDFF2305170A000000000003"
  qty: 1
  referenceNo: "177"
  orderId: "95f9514c-45a9-462c-ad6c-942d2c29d7ff"
  type: "Bill Item"
  sourceId: "341dedd5-c4a4-45c0-a1ac-e65ee8d81766"
  Expenses:CostOfSales:Purchase:PurchaseItem:BuyGoldJewelry 1133.84 CNY
  category: "Gold Jewelry"
  sku: "DDFF2305170A000000000008"
  qty: 1
  referenceNo: "177"
  orderId: "95f9514c-45a9-462c-ad6c-942d2c29d7ff"
  type: "Bill Item"
  sourceId: "f9b71df5-74f0-4131-83fe-9de366c2d145"
  Expenses:CostOfSales:Purchase:PurchaseItem:BuyGoldJewelry 1196.18 CNY
  category: "Gold Jewelry"
  sku: "DDFF2305170A000000000001"
  qty: 1
  referenceNo: "177"
  orderId: "95f9514c-45a9-462c-ad6c-942d2c29d7ff"
  type: "Bill Item"
  sourceId: "4cab564a-bd96-41e9-b912-55b96f478387"
  Expenses:CostOfSales:Purchase:PurchaseItem:BuyGoldJewelry 1233.42 CNY
  category: "Gold Jewelry"
  sku: "DDFF2305170A000000000002"
  qty: 1
  referenceNo: "177"
  orderId: "95f9514c-45a9-462c-ad6c-942d2c29d7ff"
  type: "Bill Item"
  sourceId: "bc7f7b49-9f36-4b8b-a50b-ec3ded95cffd"
  Expenses:CostOfSales:Purchase:PurchaseItem:BuyGoldJewelry 1228.76 CNY
  category: "Gold Jewelry"
  sku: "DDFF2305170A000000000004"
  qty: 1
  referenceNo: "177"
  orderId: "95f9514c-45a9-462c-ad6c-942d2c29d7ff"
  type: "Bill Item"
  sourceId: "dd35738a-75b5-48cf-97be-6777ff89c952"
  Expenses:CostOfSales:Purchase:PurchaseItem:BuyGoldJewelry 1126.36 CNY
  category: "Gold Jewelry"
  sku: "DDFF2305170A000000000005"
  qty: 1
  referenceNo: "177"
  orderId: "95f9514c-45a9-462c-ad6c-942d2c29d7ff"
  type: "Bill Item"
  sourceId: "92569bcf-6a83-4b19-a7db-10a1688392ab"
  Expenses:CostOfSales:Purchase:PurchaseItem:BuyGoldJewelry 1186.87 CNY
  category: "Gold Jewelry"
  sku: "DDFF2305170A000000000006"
  qty: 1
  referenceNo: "177"
  orderId: "95f9514c-45a9-462c-ad6c-942d2c29d7ff"
  type: "Bill Item"
  sourceId: "140d1797-4879-4db1-8f14-09f9fe13731d"
  Expenses:CostOfSales:Purchase:PurchaseItem:BuyGoldJewelry 1095.40 CNY
  category: "Gold Jewelry"
  sku: "DDFF2305170A000000000007"
  qty: 1
  referenceNo: "177"
  orderId: "95f9514c-45a9-462c-ad6c-942d2c29d7ff"
  type: "Bill Item"
  sourceId: "ade6b3bc-8dc0-49cb-9b66-d7f83325327f"
  Expenses:CostOfSales:Purchase:PurchaseItem:BuyGoldJewelry 2224.44 CNY
  category: "Gold Jewelry"
  sku: "DDFF2305170A000000000009"
  qty: 1
  referenceNo: "177"
  orderId: "95f9514c-45a9-462c-ad6c-942d2c29d7ff"
  type: "Bill Item"
  sourceId: "535362a7-860c-4f27-9c5a-17c55aa20cc5"
  Expenses:CostOfSales:Purchase:PurchaseItem:BuyGoldJewelry 2104.33 CNY
  category: "Gold Jewelry"
  sku: "DDFF2305170A000000000010"
  qty: 1
  referenceNo: "177"
  orderId: "95f9514c-45a9-462c-ad6c-942d2c29d7ff"
  type: "Bill Item"
  sourceId: "c80835a5-3394-46ec-b2ec-6aacd9849d9d"
  Expenses:CostOfSales:Purchase:PurchaseItem:BuyGoldJewelry 922.44 CNY
  category: "Gold Jewelry"
  sku: "DDFF2305170A000000000011"
  qty: 1
  referenceNo: "177"
  orderId: "95f9514c-45a9-462c-ad6c-942d2c29d7ff"
  type: "Bill Item"
  sourceId: "c1dc291d-6755-4bc8-b4de-b6e07f09cd7b"
  Expenses:CostOfSales:Purchase:PurchaseItem:BuyGoldJewelry 932.05 CNY
  category: "Gold Jewelry"
  sku: "DDFF2305170A000000000012"
  qty: 1
  referenceNo: "177"
  orderId: "95f9514c-45a9-462c-ad6c-942d2c29d7ff"
  type: "Bill Item"
  sourceId: "c5e05469-4058-47bb-b06e-6015b509e734"
  Expenses:CostOfSales:Purchase:PurchaseItem:BuyGoldJewelry 821.55 CNY
  category: "Gold Jewelry"
  sku: "DDFF2305170A000000000013"
  qty: 1
  referenceNo: "177"
  orderId: "95f9514c-45a9-462c-ad6c-942d2c29d7ff"
  type: "Bill Item"
  sourceId: "532d4478-5138-4e0e-8522-7d242864cfae"
  Expenses:CostOfSales:Purchase:PurchaseItem:BuyGoldJewelry 1806.48 CNY
  category: "Gold Jewelry"
  sku: "DDFF23051702000000000001"
  qty: 1
  referenceNo: "177"
  orderId: "95f9514c-45a9-462c-ad6c-942d2c29d7ff"
  type: "Bill Item"
  sourceId: "f3dd680f-c608-478e-bdad-fed94f628e1f"
  Liabilities:CurrentLiabilities:AccountPayable
  referenceNo: "177"
  orderId: "95f9514c-45a9-462c-ad6c-942d2c29d7ff"
  type: "Bill"
  sourceId: "95f9514c-45a9-462c-ad6c-942d2c29d7ff"
  contact: "998 12345843 (深圳市翠綠手飾製造有限公司) [418d4c3f-7ae7-4edc-b509-fe215e1732a0]"
2023-05-17 * "Bill #1103 DKK 黃金報關"
  referenceNo: "1103"
  orderId: "eee13fb7-d8a3-4853-8ac7-0ad500ddb0ab"
  type: "Bill"
  Expenses:GeneralExpense:TransportationAndCourier 206.00 HKD
  qty: "1"
  description: "DKK 黃金報關"
  referenceNo: "1103"
  orderId: "eee13fb7-d8a3-4853-8ac7-0ad500ddb0ab"
  type: "Bill Item"
  sourceId: "230b3f5e-3592-4dc3-9cf5-2d6bbaf321b2"
  Liabilities:CurrentLiabilities:AccountPayable
  referenceNo: "1103"
  orderId: "eee13fb7-d8a3-4853-8ac7-0ad500ddb0ab"
  type: "Bill"
  sourceId: "eee13fb7-d8a3-4853-8ac7-0ad500ddb0ab"
  contact: "880 806 () [53b8789a-4451-4a1f-84f7-a9c5da7ada1a]"
2023-05-17 * "Bill #829 訂購黃金磅 (淘寶)"
  referenceNo: "829"
  orderId: "927e1369-4977-450c-8b67-e9ed6e22f393"
  type: "Bill"
  Assets:Non-currentAssets:BuyEquipment 18125.00 HKD
  qty: "1"
  description: "黃金磅 (淘寶)"
  referenceNo: "829"
  orderId: "927e1369-4977-450c-8b67-e9ed6e22f393"
  type: "Bill Item"
  sourceId: "c4c9a172-4f5e-4635-bd6e-788da7edcc94"
  Liabilities:CurrentLiabilities:AccountPayable
  referenceNo: "829"
  orderId: "927e1369-4977-450c-8b67-e9ed6e22f393"
  type: "Bill"
  sourceId: "927e1369-4977-450c-8b67-e9ed6e22f393"
  contact: "880 806 () [53b8789a-4451-4a1f-84f7-a9c5da7ada1a]"
2023-05-17 * "998 12345843 (深圳市翠綠手飾製造有限公司) [418d4c3f-7ae7-4edc-b509-fe215e1732a0]" "Bill Payment for Bill #182 #12e944ad-a04f-459f-a43b-f09edf5a65b4"
  Liabilities:CurrentLiabilities:AccountPayable 398323.65 CNY
  contact: "998 12345843 (深圳市翠綠手飾製造有限公司) [418d4c3f-7ae7-4edc-b509-fe215e1732a0]"
  type: "Bill Payment"
  sourceId: "12e944ad-a04f-459f-a43b-f09edf5a65b4"
  referenceNo: "182"
  orderId: "01af3413-8aa4-4087-817c-403883259e23"
  Assets:CurrentAssets:TradeDeposit:TradeDeposit-深圳市翠綠手飾製造有限公司 -398323.65 CNY
  type: "Bill Payment"
  sourceId: "12e944ad-a04f-459f-a43b-f09edf5a65b4"
  referenceNo: "182"
  orderId: "01af3413-8aa4-4087-817c-403883259e23"
2023-05-17 * "880 806 () [53b8789a-4451-4a1f-84f7-a9c5da7ada1a]" "Bill Payment for Bill #775 #4354871e-94df-4da1-b7aa-a1178f945814"
  Liabilities:CurrentLiabilities:AccountPayable 185.00 HKD
  contact: "880 806 () [53b8789a-4451-4a1f-84f7-a9c5da7ada1a]"
  type: "Bill Payment"
  sourceId: "4354871e-94df-4da1-b7aa-a1178f945814"
  referenceNo: "775"
  orderId: "5c711571-686d-492f-ad1e-3a3ea608ded9"
  Liabilities:CurrentLiabilities:CurrentAccount:C-a-MilrichElectronicsHkCoLtd -185.00 HKD
  type: "Bill Payment"
  sourceId: "4354871e-94df-4da1-b7aa-a1178f945814"
  referenceNo: "775"
  orderId: "5c711571-686d-492f-ad1e-3a3ea608ded9"
2023-05-17 * "998 12345843 (深圳市翠綠手飾製造有限公司) [418d4c3f-7ae7-4edc-b509-fe215e1732a0]" "Bill Payment for Bill #176 #93b58a47-1466-4c73-979d-09ffa477cbd6"
  Liabilities:CurrentLiabilities:AccountPayable 21509.00 CNY
  contact: "998 12345843 (深圳市翠綠手飾製造有限公司) [418d4c3f-7ae7-4edc-b509-fe215e1732a0]"
  type: "Bill Payment"
  sourceId: "93b58a47-1466-4c73-979d-09ffa477cbd6"
  referenceNo: "176"
  orderId: "25396caf-7221-4d07-bccd-3eeedcff94f4"
  Assets:CurrentAssets:TradeDeposit:TradeDeposit-深圳市翠綠手飾製造有限公司 -21509.00 CNY
  type: "Bill Payment"
  sourceId: "93b58a47-1466-4c73-979d-09ffa477cbd6"
  referenceNo: "176"
  orderId: "25396caf-7221-4d07-bccd-3eeedcff94f4"
2023-05-17 * "998 12345843 (深圳市翠綠手飾製造有限公司) [418d4c3f-7ae7-4edc-b509-fe215e1732a0]" "Bill Payment for Bill #177 #be0fab44-1fa4-4df4-9722-d1b8228f8561"
  Liabilities:CurrentLiabilities:AccountPayable 17342.03 CNY
  contact: "998 12345843 (深圳市翠綠手飾製造有限公司) [418d4c3f-7ae7-4edc-b509-fe215e1732a0]"
  type: "Bill Payment"
  sourceId: "be0fab44-1fa4-4df4-9722-d1b8228f8561"
  referenceNo: "177"
  orderId: "95f9514c-45a9-462c-ad6c-942d2c29d7ff"
  Assets:CurrentAssets:TradeDeposit:TradeDeposit-深圳市翠綠手飾製造有限公司 -17342.03 CNY
  type: "Bill Payment"
  sourceId: "be0fab44-1fa4-4df4-9722-d1b8228f8561"
  referenceNo: "177"
  orderId: "95f9514c-45a9-462c-ad6c-942d2c29d7ff"
2023-05-17 * "998 12345843 (深圳市翠綠手飾製造有限公司) [418d4c3f-7ae7-4edc-b509-fe215e1732a0]" "Bill Payment for Bill #166 #91bc3c90-46a1-4d33-aa59-24847085c017"
  Liabilities:CurrentLiabilities:AccountPayable 92551.13 CNY
  contact: "998 12345843 (深圳市翠綠手飾製造有限公司) [418d4c3f-7ae7-4edc-b509-fe215e1732a0]"
  type: "Bill Payment"
  sourceId: "91bc3c90-46a1-4d33-aa59-24847085c017"
  referenceNo: "166"
  orderId: "124c4f15-6493-4b71-a311-5632754e4115"
  Assets:CurrentAssets:TradeDeposit:TradeDeposit-深圳市翠綠手飾製造有限公司 -92551.13 CNY
  type: "Bill Payment"
  sourceId: "91bc3c90-46a1-4d33-aa59-24847085c017"
  referenceNo: "166"
  orderId: "124c4f15-6493-4b71-a311-5632754e4115"
2023-05-17 * "998 12345843 (深圳市翠綠手飾製造有限公司) [418d4c3f-7ae7-4edc-b509-fe215e1732a0]" "Bill Payment for Bill #152 #d9de4934-9b91-4431-82aa-8e40e7154b2e"
  Liabilities:CurrentLiabilities:AccountPayable 2904.66 CNY
  contact: "998 12345843 (深圳市翠綠手飾製造有限公司) [418d4c3f-7ae7-4edc-b509-fe215e1732a0]"
  type: "Bill Payment"
  sourceId: "d9de4934-9b91-4431-82aa-8e40e7154b2e"
  referenceNo: "152"
  orderId: "2eedc9ab-d3e9-45b5-85cb-6c816b643598"
  Assets:CurrentAssets:TradeDeposit:TradeDeposit-深圳市翠綠手飾製造有限公司 -2904.66 CNY
  type: "Bill Payment"
  sourceId: "d9de4934-9b91-4431-82aa-8e40e7154b2e"
  referenceNo: "152"
  orderId: "2eedc9ab-d3e9-45b5-85cb-6c816b643598"
2023-05-17 * "998 12345843 (深圳市翠綠手飾製造有限公司) [418d4c3f-7ae7-4edc-b509-fe215e1732a0]" "Bill Payment for Bill #209 #7840fb7d-27e6-4324-80a9-bc4dc2c97707"
  Liabilities:CurrentLiabilities:AccountPayable 117901.34 CNY
  contact: "998 12345843 (深圳市翠綠手飾製造有限公司) [418d4c3f-7ae7-4edc-b509-fe215e1732a0]"
  type: "Bill Payment"
  sourceId: "7840fb7d-27e6-4324-80a9-bc4dc2c97707"
  referenceNo: "209"
  orderId: "9f213eef-9888-4f32-a05d-fc8b4d1358f9"
  Assets:CurrentAssets:TradeDeposit:TradeDeposit-深圳市翠綠手飾製造有限公司 -117901.34 CNY
  type: "Bill Payment"
  sourceId: "7840fb7d-27e6-4324-80a9-bc4dc2c97707"
  referenceNo: "209"
  orderId: "9f213eef-9888-4f32-a05d-fc8b4d1358f9"
2023-05-17 * "998 12345843 (深圳市翠綠手飾製造有限公司) [418d4c3f-7ae7-4edc-b509-fe215e1732a0]" "Bill Payment for Bill #174 #bd88261c-efdd-495d-83cc-4aec6376381c"
  Liabilities:CurrentLiabilities:AccountPayable 33720.35 CNY
  contact: "998 12345843 (深圳市翠綠手飾製造有限公司) [418d4c3f-7ae7-4edc-b509-fe215e1732a0]"
  type: "Bill Payment"
  sourceId: "bd88261c-efdd-495d-83cc-4aec6376381c"
  referenceNo: "174"
  orderId: "963ae571-49b5-419f-8558-7b94c5716156"
  Assets:CurrentAssets:TradeDeposit:TradeDeposit-深圳市翠綠手飾製造有限公司 -33720.35 CNY
  type: "Bill Payment"
  sourceId: "bd88261c-efdd-495d-83cc-4aec6376381c"
  referenceNo: "174"
  orderId: "963ae571-49b5-419f-8558-7b94c5716156"
2023-05-17 * "998 12345843 (深圳市翠綠手飾製造有限公司) [418d4c3f-7ae7-4edc-b509-fe215e1732a0]" "Bill Payment for Bill #175 #978a72d8-c197-4393-88a6-5c090a47b7cc"
  Liabilities:CurrentLiabilities:AccountPayable 223650.14 CNY
  contact: "998 12345843 (深圳市翠綠手飾製造有限公司) [418d4c3f-7ae7-4edc-b509-fe215e1732a0]"
  type: "Bill Payment"
  sourceId: "978a72d8-c197-4393-88a6-5c090a47b7cc"
  referenceNo: "175"
  orderId: "8d7fdcd1-4baf-4d12-a275-b99b561fb55b"
  Assets:CurrentAssets:TradeDeposit:TradeDeposit-深圳市翠綠手飾製造有限公司 -223650.14 CNY
  type: "Bill Payment"
  sourceId: "978a72d8-c197-4393-88a6-5c090a47b7cc"
  referenceNo: "175"
  orderId: "8d7fdcd1-4baf-4d12-a275-b99b561fb55b"
2023-05-17 * "880 806 () [53b8789a-4451-4a1f-84f7-a9c5da7ada1a]" "Bill Payment for Bill #829 #a0bae71e-8a37-4576-9f1e-a40b3de51ab4"
  Liabilities:CurrentLiabilities:AccountPayable 18125.00 HKD
  contact: "880 806 () [53b8789a-4451-4a1f-84f7-a9c5da7ada1a]"
  type: "Bill Payment"
  sourceId: "a0bae71e-8a37-4576-9f1e-a40b3de51ab4"
  referenceNo: "829"
  orderId: "927e1369-4977-450c-8b67-e9ed6e22f393"
  Liabilities:CurrentLiabilities:CurrentAccount:C-a-MilrichElectronicsHkCoLtd -18125.00 HKD
  type: "Bill Payment"
  sourceId: "a0bae71e-8a37-4576-9f1e-a40b3de51ab4"
  referenceNo: "829"
  orderId: "927e1369-4977-450c-8b67-e9ed6e22f393"
2023-05-17 * "880 806 () [53b8789a-4451-4a1f-84f7-a9c5da7ada1a]" "Bill Payment for Bill #1103 #2fef8791-9094-4e02-bbed-48f7dec443fa"
  Liabilities:CurrentLiabilities:AccountPayable 206.00 HKD
  contact: "880 806 () [53b8789a-4451-4a1f-84f7-a9c5da7ada1a]"
  type: "Bill Payment"
  sourceId: "2fef8791-9094-4e02-bbed-48f7dec443fa"
  referenceNo: "1103"
  orderId: "eee13fb7-d8a3-4853-8ac7-0ad500ddb0ab"
  Liabilities:CurrentLiabilities:CurrentAccount:C-a-MilrichElectronicsHkCoLtd -206.00 HKD
  type: "Bill Payment"
  sourceId: "2fef8791-9094-4e02-bbed-48f7dec443fa"
  referenceNo: "1103"
  orderId: "eee13fb7-d8a3-4853-8ac7-0ad500ddb0ab"
2023-05-18 * "Invoice #119 中電 退回按金 (DEPOSIT RETURN)"
  Assets:OtherAssets:Deposit押金 -2642.60 HKD
  description: "中電 退回按金 (DEPOSIT RETURN)"
  qty: 1
  referenceNo: "119"
  orderId: "9cf74078-d57b-4aad-9fe6-ff9289f4c0cc"
  type: "Invoice Item"
  sourceId: "82e9431d-74e4-474b-a68a-f09634fb4f55"
  Assets:CurrentAssets:AccountReceivable
  referenceNo: "119"
  orderId: "9cf74078-d57b-4aad-9fe6-ff9289f4c0cc"
  type: "Invoice"
  sourceId: "9cf74078-d57b-4aad-9fe6-ff9289f4c0cc"
  contact: "880 806 () [53b8789a-4451-4a1f-84f7-a9c5da7ada1a]"
2023-05-18 * "Assets:CurrentAssets:Bank:BocSavingBank" "Invoice Payment for Invoice #119 #7af9e725-bc79-43f0-a74f-6b737af25b93"
  Assets:CurrentAssets:Bank:BocSavingBank 2642.60 HKD
  type: "Invoice Payment"
  sourceId: "7af9e725-bc79-43f0-a74f-6b737af25b93"
  referenceNo: "119"
  orderId: "9cf74078-d57b-4aad-9fe6-ff9289f4c0cc"
  Assets:CurrentAssets:AccountReceivable -2642.60 HKD
  type: "Invoice Payment"
  sourceId: "7af9e725-bc79-43f0-a74f-6b737af25b93"
  referenceNo: "119"
  orderId: "9cf74078-d57b-4aad-9fe6-ff9289f4c0cc"
  contact: "880 806 () [53b8789a-4451-4a1f-84f7-a9c5da7ada1a]"
2023-05-18 * "880 806 () [53b8789a-4451-4a1f-84f7-a9c5da7ada1a]" "Bill Payment for Bill #210 #8be78913-545a-4b6c-8e72-569b877f4163"
  Liabilities:CurrentLiabilities:AccountPayable 150.00 HKD
  contact: "880 806 () [53b8789a-4451-4a1f-84f7-a9c5da7ada1a]"
  type: "Bill Payment"
  sourceId: "8be78913-545a-4b6c-8e72-569b877f4163"
  referenceNo: "210"
  orderId: "974e024c-c00d-43d6-9e51-5e9bf1e2fd40"
  Assets:CurrentAssets:Bank:BocSavingBank -150.00 HKD
  type: "Bill Payment"
  sourceId: "8be78913-545a-4b6c-8e72-569b877f4163"
  referenceNo: "210"
  orderId: "974e024c-c00d-43d6-9e51-5e9bf1e2fd40"
2023-05-18 * "Bill #479 LAYERSTACK"
  referenceNo: "479"
  orderId: "9b3260d1-f78e-4250-b8f7-4a5957d3f9ab"
  type: "Bill"
  Expenses:GeneralExpense:GeneralExpensesDirect 1956.00 HKD
  qty: "1"
  description: "LAYERSTACK"
  referenceNo: "479"
  orderId: "9b3260d1-f78e-4250-b8f7-4a5957d3f9ab"
  type: "Bill Item"
  sourceId: "942b3fcc-4c56-46ed-bae4-9ee8cc166ed7"
  Liabilities:CurrentLiabilities:AccountPayable
  referenceNo: "479"
  orderId: "9b3260d1-f78e-4250-b8f7-4a5957d3f9ab"
  type: "Bill"
  sourceId: "9b3260d1-f78e-4250-b8f7-4a5957d3f9ab"
  contact: "880 806 () [53b8789a-4451-4a1f-84f7-a9c5da7ada1a]"
2023-05-18 * "880 806 () [53b8789a-4451-4a1f-84f7-a9c5da7ada1a]" "Bill Payment for Bill #479 #ab2a680b-6c4b-4a7d-8bf7-e6b17d3d3b5d"
  Liabilities:CurrentLiabilities:AccountPayable 1956.00 HKD
  contact: "880 806 () [53b8789a-4451-4a1f-84f7-a9c5da7ada1a]"
  type: "Bill Payment"
  sourceId: "ab2a680b-6c4b-4a7d-8bf7-e6b17d3d3b5d"
  referenceNo: "479"
  orderId: "9b3260d1-f78e-4250-b8f7-4a5957d3f9ab"
  Assets:CurrentAssets:Bank:BocVisaCard-DavidBank -1956.00 HKD
  type: "Bill Payment"
  sourceId: "ab2a680b-6c4b-4a7d-8bf7-e6b17d3d3b5d"
  referenceNo: "479"
  orderId: "9b3260d1-f78e-4250-b8f7-4a5957d3f9ab"
2023-05-18 * "Invoice #57 323 退回按金 DEPOSIT"
  Assets:OtherAssets:Deposit押金 -55944.00 HKD
  description: "323 退回按金"
  qty: 1
  referenceNo: "57"
  orderId: "bfe5439e-65f1-4ca9-ace5-c57885a47cdd"
  type: "Invoice Item"
  sourceId: "48d809e2-8260-4c80-af18-bd52c3136e21"
  Assets:CurrentAssets:AccountReceivable
  referenceNo: "57"
  orderId: "bfe5439e-65f1-4ca9-ace5-c57885a47cdd"
  type: "Invoice"
  sourceId: "bfe5439e-65f1-4ca9-ace5-c57885a47cdd"
  contact: "880 806 () [53b8789a-4451-4a1f-84f7-a9c5da7ada1a]"
2023-05-18 * "Bill #47 Resign Staff 離職員工 - Last Payment"
  referenceNo: "47"
  orderId: "5678c7a8-dc1d-44d1-8a70-1931546ee15d"
  type: "Bill"
  Expenses:GeneralExpense:WagesAndSalaries 2580.00 HKD
  qty: "1"
  description: "Resign Staff 離職員工 - Last Payment"
  referenceNo: "47"
  orderId: "5678c7a8-dc1d-44d1-8a70-1931546ee15d"
  type: "Bill Item"
  sourceId: "8559b258-146b-43cb-86cb-039860ab4c92"
  Liabilities:CurrentLiabilities:AccountPayable
  referenceNo: "47"
  orderId: "5678c7a8-dc1d-44d1-8a70-1931546ee15d"
  type: "Bill"
  sourceId: "5678c7a8-dc1d-44d1-8a70-1931546ee15d"
  contact: "880 806 () [53b8789a-4451-4a1f-84f7-a9c5da7ada1a]"
2023-05-18 * "Bill #210 更改註冊地址-查察費"
  referenceNo: "210"
  orderId: "974e024c-c00d-43d6-9e51-5e9bf1e2fd40"
  type: "Bill"
  Expenses:GeneralExpense:GeneralExpensesDirect 150.00 HKD
  qty: "1"
  description: "更改註冊地址-查察費"
  referenceNo: "210"
  orderId: "974e024c-c00d-43d6-9e51-5e9bf1e2fd40"
  type: "Bill Item"
  sourceId: "fbd40a10-3070-4ad8-a95e-015664c47806"
  Liabilities:CurrentLiabilities:AccountPayable
  referenceNo: "210"
  orderId: "974e024c-c00d-43d6-9e51-5e9bf1e2fd40"
  type: "Bill"
  sourceId: "974e024c-c00d-43d6-9e51-5e9bf1e2fd40"
  contact: "880 806 () [53b8789a-4451-4a1f-84f7-a9c5da7ada1a]"
2023-05-18 * "Assets:CurrentAssets:Bank:BocSavingBank" "Invoice Payment for Invoice #57 #46b3ab68-8455-472e-8775-3b7fff46eae5"
  Assets:CurrentAssets:Bank:BocSavingBank 55944.00 HKD
  type: "Invoice Payment"
  sourceId: "46b3ab68-8455-472e-8775-3b7fff46eae5"
  referenceNo: "57"
  orderId: "bfe5439e-65f1-4ca9-ace5-c57885a47cdd"
  Assets:CurrentAssets:AccountReceivable -55944.00 HKD
  type: "Invoice Payment"
  sourceId: "46b3ab68-8455-472e-8775-3b7fff46eae5"
  referenceNo: "57"
  orderId: "bfe5439e-65f1-4ca9-ace5-c57885a47cdd"
  contact: "880 806 () [53b8789a-4451-4a1f-84f7-a9c5da7ada1a]"
2023-05-18 * "880 806 () [53b8789a-4451-4a1f-84f7-a9c5da7ada1a]" "Bill Payment for Bill #47 #3323b512-af8b-4884-aca5-b21211154e7e"
  Liabilities:CurrentLiabilities:AccountPayable 2580.00 HKD
  contact: "880 806 () [53b8789a-4451-4a1f-84f7-a9c5da7ada1a]"
  type: "Bill Payment"
  sourceId: "3323b512-af8b-4884-aca5-b21211154e7e"
  referenceNo: "47"
  orderId: "5678c7a8-dc1d-44d1-8a70-1931546ee15d"
  Assets:CurrentAssets:Bank:BocCurrentBank -2580.00 HKD
  type: "Bill Payment"
  sourceId: "3323b512-af8b-4884-aca5-b21211154e7e"
  referenceNo: "47"
  orderId: "5678c7a8-dc1d-44d1-8a70-1931546ee15d"
2023-05-19 * "Bill #815 DKK jobsDB 招聘廣告"
  referenceNo: "815"
  orderId: "6fdad84d-7a45-4d2d-928b-51110d7102b5"
  type: "Bill"
  Expenses:GeneralExpense:AdvertisingAndBranding 1870.00 HKD
  qty: "1"
  description: "DKK jobsDB 招聘廣告"
  referenceNo: "815"
  orderId: "6fdad84d-7a45-4d2d-928b-51110d7102b5"
  type: "Bill Item"
  sourceId: "3f4fd7eb-9189-4c46-82b7-1d7351bb59c4"
  Expenses:GeneralExpense:AdvertisingAndBranding 1288.00 HKD
  qty: "1"
  description: "DKK jobsDB 招聘廣告(後台工程師)"
  referenceNo: "815"
  orderId: "6fdad84d-7a45-4d2d-928b-51110d7102b5"
  type: "Bill Item"
  sourceId: "1ada5ef9-246b-4b57-b9b0-1d47d5531a0f"
  Expenses:GeneralExpense:AdvertisingAndBranding 1288.00 HKD
  qty: "1"
  description: "DKK jobsDB 招聘廣告"
  referenceNo: "815"
  orderId: "6fdad84d-7a45-4d2d-928b-51110d7102b5"
  type: "Bill Item"
  sourceId: "3e639b34-85c2-46d4-a9c1-47b38d996c2f"
  Liabilities:CurrentLiabilities:AccountPayable
  referenceNo: "815"
  orderId: "6fdad84d-7a45-4d2d-928b-51110d7102b5"
  type: "Bill"
  sourceId: "6fdad84d-7a45-4d2d-928b-51110d7102b5"
  contact: "880 806 () [53b8789a-4451-4a1f-84f7-a9c5da7ada1a]"
2023-05-19 * "880 806 () [53b8789a-4451-4a1f-84f7-a9c5da7ada1a]" "Bill Payment for Bill #815 #72adb7d2-ec91-4dda-a0a8-9df610e81067"
  Liabilities:CurrentLiabilities:AccountPayable 4446.00 HKD
  contact: "880 806 () [53b8789a-4451-4a1f-84f7-a9c5da7ada1a]"
  type: "Bill Payment"
  sourceId: "72adb7d2-ec91-4dda-a0a8-9df610e81067"
  referenceNo: "815"
  orderId: "6fdad84d-7a45-4d2d-928b-51110d7102b5"
  Liabilities:CurrentLiabilities:CurrentAccount:C-a-MilrichElectronicsHkCoLtd -4446.00 HKD
  type: "Bill Payment"
  sourceId: "72adb7d2-ec91-4dda-a0a8-9df610e81067"
  referenceNo: "815"
  orderId: "6fdad84d-7a45-4d2d-928b-51110d7102b5"
2023-05-19 * "Bill #483 ACAMS - 反洗錢課程"
  referenceNo: "483"
  orderId: "9f85abae-577c-405a-9ae8-1eae26a86b69"
  type: "Bill"
  Expenses:GeneralExpense:LegalAndProfessionalFee 21719.18 HKD
  qty: "1"
  description: "ACAMS - 反洗錢課程"
  referenceNo: "483"
  orderId: "9f85abae-577c-405a-9ae8-1eae26a86b69"
  type: "Bill Item"
  sourceId: "a9df9ab4-47ae-45aa-8b49-da028232312d"
  Liabilities:CurrentLiabilities:AccountPayable
  referenceNo: "483"
  orderId: "9f85abae-577c-405a-9ae8-1eae26a86b69"
  type: "Bill"
  sourceId: "9f85abae-577c-405a-9ae8-1eae26a86b69"
  contact: "880 806 () [53b8789a-4451-4a1f-84f7-a9c5da7ada1a]"
2023-05-19 * "880 806 () [53b8789a-4451-4a1f-84f7-a9c5da7ada1a]" "Bill Payment for Bill #483 #b66293b8-6cac-48b0-ae70-cd89e6c7acec"
  Liabilities:CurrentLiabilities:AccountPayable 21719.18 HKD
  contact: "880 806 () [53b8789a-4451-4a1f-84f7-a9c5da7ada1a]"
  type: "Bill Payment"
  sourceId: "b66293b8-6cac-48b0-ae70-cd89e6c7acec"
  referenceNo: "483"
  orderId: "9f85abae-577c-405a-9ae8-1eae26a86b69"
  Assets:CurrentAssets:Bank:BocVisaCard-DavidBank -21719.18 HKD
  type: "Bill Payment"
  sourceId: "b66293b8-6cac-48b0-ae70-cd89e6c7acec"
  referenceNo: "483"
  orderId: "9f85abae-577c-405a-9ae8-1eae26a86b69"
2023-05-19 * "Bill #111 G17 6月2023 租金"
  referenceNo: "111"
  orderId: "37c6bd19-0b77-4fe5-a4cd-0ba81cd55cf6"
  type: "Bill"
  Expenses:GeneralExpense:Rent 48000.00 HKD
  qty: "1"
  description: "G17 6月租金"
  referenceNo: "111"
  orderId: "37c6bd19-0b77-4fe5-a4cd-0ba81cd55cf6"
  type: "Bill Item"
  sourceId: "f09697ec-70c5-4713-9099-98e99e8df6b2"
  Liabilities:CurrentLiabilities:AccountPayable
  referenceNo: "111"
  orderId: "37c6bd19-0b77-4fe5-a4cd-0ba81cd55cf6"
  type: "Bill"
  sourceId: "37c6bd19-0b77-4fe5-a4cd-0ba81cd55cf6"
  contact: "880 806 () [53b8789a-4451-4a1f-84f7-a9c5da7ada1a]"
2023-05-19 * "Bill #292 手續費"
  referenceNo: "292"
  orderId: "11f02da0-1093-4328-ac09-a1e8bf111ec3"
  type: "Bill"
  Expenses:GeneralExpense:BankFeesExpense 5.00 HKD
  qty: "1"
  description: "手續費"
  referenceNo: "292"
  orderId: "11f02da0-1093-4328-ac09-a1e8bf111ec3"
  type: "Bill Item"
  sourceId: "44b5b229-24c2-4bd6-8a1d-83cbd7ffa759"
  Liabilities:CurrentLiabilities:AccountPayable
  referenceNo: "292"
  orderId: "11f02da0-1093-4328-ac09-a1e8bf111ec3"
  type: "Bill"
  sourceId: "11f02da0-1093-4328-ac09-a1e8bf111ec3"
  contact: "998 12345835 (boc(bankofchina)) [82f385a7-d238-4826-9a12-e06648f93cdb]"
2023-05-19 * "Bill #275 TO:Pavilion 攝影服務"
  referenceNo: "275"
  orderId: "9b4f413e-c8af-4cf9-afdf-13286a0564a2"
  type: "Bill"
  Expenses:GeneralExpense:AdvertisingAndBranding 3262.50 HKD
  qty: "1"
  description: "TO:Pavilion 攝影服務"
  referenceNo: "275"
  orderId: "9b4f413e-c8af-4cf9-afdf-13286a0564a2"
  type: "Bill Item"
  sourceId: "0ad6a30b-86e2-459b-a936-84c1769511ea"
  Liabilities:CurrentLiabilities:AccountPayable
  referenceNo: "275"
  orderId: "9b4f413e-c8af-4cf9-afdf-13286a0564a2"
  type: "Bill"
  sourceId: "9b4f413e-c8af-4cf9-afdf-13286a0564a2"
  contact: "880 806 () [53b8789a-4451-4a1f-84f7-a9c5da7ada1a]"
2023-05-19 * "998 12345835 (boc(bankofchina)) [82f385a7-d238-4826-9a12-e06648f93cdb]" "Bill Payment for Bill #292 #d8dc854a-c65b-4405-9158-c73d2c71e7d7"
  Liabilities:CurrentLiabilities:AccountPayable 5.00 HKD
  contact: "998 12345835 (boc(bankofchina)) [82f385a7-d238-4826-9a12-e06648f93cdb]"
  type: "Bill Payment"
  sourceId: "d8dc854a-c65b-4405-9158-c73d2c71e7d7"
  referenceNo: "292"
  orderId: "11f02da0-1093-4328-ac09-a1e8bf111ec3"
  Assets:CurrentAssets:Bank:BocSavingBank -5.00 HKD
  type: "Bill Payment"
  sourceId: "d8dc854a-c65b-4405-9158-c73d2c71e7d7"
  referenceNo: "292"
  orderId: "11f02da0-1093-4328-ac09-a1e8bf111ec3"
2023-05-19 * "880 806 () [53b8789a-4451-4a1f-84f7-a9c5da7ada1a]" "Bill Payment for Bill #111 #4c56e02a-60b8-42ce-9f1a-e1b0ce3b973f"
  Liabilities:CurrentLiabilities:AccountPayable 48000.00 HKD
  contact: "880 806 () [53b8789a-4451-4a1f-84f7-a9c5da7ada1a]"
  type: "Bill Payment"
  sourceId: "4c56e02a-60b8-42ce-9f1a-e1b0ce3b973f"
  referenceNo: "111"
  orderId: "37c6bd19-0b77-4fe5-a4cd-0ba81cd55cf6"
  Assets:CurrentAssets:Bank:BocCurrentBank -48000.00 HKD
  type: "Bill Payment"
  sourceId: "4c56e02a-60b8-42ce-9f1a-e1b0ce3b973f"
  referenceNo: "111"
  orderId: "37c6bd19-0b77-4fe5-a4cd-0ba81cd55cf6"
2023-05-19 * "880 806 () [53b8789a-4451-4a1f-84f7-a9c5da7ada1a]" "Bill Payment for Bill #275 #6ca6a9e0-03da-4b28-9957-235f033486c3"
  Liabilities:CurrentLiabilities:AccountPayable 3262.50 HKD
  contact: "880 806 () [53b8789a-4451-4a1f-84f7-a9c5da7ada1a]"
  type: "Bill Payment"
  sourceId: "6ca6a9e0-03da-4b28-9957-235f033486c3"
  referenceNo: "275"
  orderId: "9b4f413e-c8af-4cf9-afdf-13286a0564a2"
  Assets:CurrentAssets:Bank:BocSavingBank -3262.50 HKD
  type: "Bill Payment"
  sourceId: "6ca6a9e0-03da-4b28-9957-235f033486c3"
  referenceNo: "275"
  orderId: "9b4f413e-c8af-4cf9-afdf-13286a0564a2"
2023-05-20 * "Bill #485 (淘寶)编织红绳220.83"
  referenceNo: "485"
  orderId: "1380c15f-a6dc-43c2-8450-7bbd3518ab46"
  type: "Bill"
  Expenses:CostOfSales:Purchase:PurchaseItem:Buy18kJewelry 53.80 HKD
  category: "Jewelry"
  sku: "HM000003"
  qty: 2
  referenceNo: "485"
  orderId: "1380c15f-a6dc-43c2-8450-7bbd3518ab46"
  type: "Bill Item"
  sourceId: "60816c11-950f-4cda-bb35-a6fad643533b"
  Expenses:CostOfSales:Purchase:PurchaseItem:Buy18kJewelry 89.03 HKD
  category: "Jewelry"
  sku: ""
  qty: 1
  referenceNo: "485"
  orderId: "1380c15f-a6dc-43c2-8450-7bbd3518ab46"
  type: "Bill Item"
  sourceId: "d5bdb487-9934-40e2-adc6-61164484280e"
  Expenses:CostOfSales:Purchase:PurchaseItem:Buy18kJewelry 78.00 HKD
  category: "Jewelry"
  sku: ""
  qty: 3
  referenceNo: "485"
  orderId: "1380c15f-a6dc-43c2-8450-7bbd3518ab46"
  type: "Bill Item"
  sourceId: "961d7b25-334c-495c-a0e1-4e6042f5e02d"
  Liabilities:CurrentLiabilities:AccountPayable
  referenceNo: "485"
  orderId: "1380c15f-a6dc-43c2-8450-7bbd3518ab46"
  type: "Bill"
  sourceId: "1380c15f-a6dc-43c2-8450-7bbd3518ab46"
  contact: "998 12345840 (淘寶(珠寶配件)) [b82a0444-864d-4fc7-a48e-452de771eae9]"
2023-05-20 * "Bill #480 透明包装袋"
  referenceNo: "480"
  orderId: "9879dfdd-93cc-4db5-90a2-2a01b592d98a"
  type: "Bill"
  Expenses:GeneralExpense:GeneralExpensesDirect 28.81 HKD
  qty: "1"
  description: "透明包装袋"
  referenceNo: "480"
  orderId: "9879dfdd-93cc-4db5-90a2-2a01b592d98a"
  type: "Bill Item"
  sourceId: "b385a7e6-4d9d-4747-b9b3-a8757fd2ccec"
  Liabilities:CurrentLiabilities:AccountPayable
  referenceNo: "480"
  orderId: "9879dfdd-93cc-4db5-90a2-2a01b592d98a"
  type: "Bill"
  sourceId: "9879dfdd-93cc-4db5-90a2-2a01b592d98a"
  contact: "880 806 () [53b8789a-4451-4a1f-84f7-a9c5da7ada1a]"
2023-05-20 * "880 806 () [53b8789a-4451-4a1f-84f7-a9c5da7ada1a]" "Bill Payment for Bill #480 #7c5e451c-aa09-40b6-8945-ba6b1a6d5c4f"
  Liabilities:CurrentLiabilities:AccountPayable 28.81 HKD
  contact: "880 806 () [53b8789a-4451-4a1f-84f7-a9c5da7ada1a]"
  type: "Bill Payment"
  sourceId: "7c5e451c-aa09-40b6-8945-ba6b1a6d5c4f"
  referenceNo: "480"
  orderId: "9879dfdd-93cc-4db5-90a2-2a01b592d98a"
  Assets:CurrentAssets:Bank:BocVisaCard-DavidBank -28.81 HKD
  type: "Bill Payment"
  sourceId: "7c5e451c-aa09-40b6-8945-ba6b1a6d5c4f"
  referenceNo: "480"
  orderId: "9879dfdd-93cc-4db5-90a2-2a01b592d98a"
2023-05-20 * "998 12345840 (淘寶(珠寶配件)) [b82a0444-864d-4fc7-a48e-452de771eae9]" "Bill Payment for Bill #485 #6791711a-44dd-4176-8869-d6e413d1177b"
  Liabilities:CurrentLiabilities:AccountPayable 220.83 HKD
  contact: "998 12345840 (淘寶(珠寶配件)) [b82a0444-864d-4fc7-a48e-452de771eae9]"
  type: "Bill Payment"
  sourceId: "6791711a-44dd-4176-8869-d6e413d1177b"
  referenceNo: "485"
  orderId: "1380c15f-a6dc-43c2-8450-7bbd3518ab46"
  Assets:CurrentAssets:Bank:BocVisaCard-DavidBank -220.83 HKD
  type: "Bill Payment"
  sourceId: "6791711a-44dd-4176-8869-d6e413d1177b"
  referenceNo: "485"
  orderId: "1380c15f-a6dc-43c2-8450-7bbd3518ab46"
2023-05-22 * "998 12345843 (深圳市翠綠手飾製造有限公司) [418d4c3f-7ae7-4edc-b509-fe215e1732a0]" "Bill Payment for Bill #166 #545262e6-7857-4412-bdda-58bf80dcf413"
  Liabilities:CurrentLiabilities:AccountPayable 1006.00 CNY
