; ORDER transactions for 2023-03

2023-03-01 * "Bill #781 323上網(2023-1 / 2 / 3月)"
  referenceNo: "781"
  orderId: "e97659d0-e7fa-4eb9-ac43-94719c821ebe"
  type: "Bill"
  Expenses:GeneralExpense:TelephoneAndInternetAndAlarm 380.00 HKD
  qty: "1"
  description: "323上網(2023-1月)"
  referenceNo: "781"
  orderId: "e97659d0-e7fa-4eb9-ac43-94719c821ebe"
  type: "Bill Item"
  sourceId: "97d350a9-7ce3-472d-9b4e-622016462212"
  Expenses:GeneralExpense:TelephoneAndInternetAndAlarm 380.00 HKD
  qty: "1"
  description: "323上網(2023- 2月)"
  referenceNo: "781"
  orderId: "e97659d0-e7fa-4eb9-ac43-94719c821ebe"
  type: "Bill Item"
  sourceId: "3dd5a4ad-3216-4f3a-8175-67b40271c470"
  Expenses:GeneralExpense:TelephoneAndInternetAndAlarm 380.00 HKD
  qty: "1"
  description: "323上網(2023- 3月)"
  referenceNo: "781"
  orderId: "e97659d0-e7fa-4eb9-ac43-94719c821ebe"
  type: "Bill Item"
  sourceId: "80f54481-8812-41cd-84f2-777a343ce24f"
  Liabilities:CurrentLiabilities:AccountPayable
  referenceNo: "781"
  orderId: "e97659d0-e7fa-4eb9-ac43-94719c821ebe"
  type: "Bill"
  sourceId: "e97659d0-e7fa-4eb9-ac43-94719c821ebe"
  contact: "880 806 ()"
2023-03-01 * "Bill #627 SI-10356, #175 RESIZE"
  referenceNo: "627"
  orderId: "26dee097-e64c-4848-b1a2-66f896626e74"
  type: "Bill"
  Expenses:CostOfSales:Purchase:PurchaseItem:BuyCost-ProcessingFee 350.00 HKD
  category: "Other"
  sku: "Processing 036"
  qty: 1
  referenceNo: "627"
  orderId: "26dee097-e64c-4848-b1a2-66f896626e74"
  type: "Bill Item"
  sourceId: "42947eb0-bce5-4f72-acc5-96e5793abafb"
  Liabilities:CurrentLiabilities:AccountPayable
  referenceNo: "627"
  orderId: "26dee097-e64c-4848-b1a2-66f896626e74"
  type: "Bill"
  sourceId: "26dee097-e64c-4848-b1a2-66f896626e74"
  contact: "998 12345767 (SkyHighHoldingsGroupLtd)"
2023-03-01 * "880 806 () [53b8789a-4451-4a1f-84f7-a9c5da7ada1a]" "Bill Payment for Bill #781 #29dd4eab-eedd-4912-85b5-0242162d306e"
  Liabilities:CurrentLiabilities:AccountPayable 1140.00 HKD
  contact: "880 806 () [53b8789a-4451-4a1f-84f7-a9c5da7ada1a]"
  type: "Bill Payment"
  sourceId: "29dd4eab-eedd-4912-85b5-0242162d306e"
  referenceNo: "781"
  orderId: "e97659d0-e7fa-4eb9-ac43-94719c821ebe"
  Liabilities:CurrentLiabilities:CurrentAccount:C-a-MilrichElectronicsHkCoLtd -1140.00 HKD
  type: "Bill Payment"
  sourceId: "29dd4eab-eedd-4912-85b5-0242162d306e"
  referenceNo: "781"
  orderId: "e97659d0-e7fa-4eb9-ac43-94719c821ebe"
2023-03-01 * "Bill #230 323 3月2023 租金"
  referenceNo: "230"
  orderId: "1bab076e-eafd-46b7-8fd3-2e19c61647f7"
  type: "Bill"
  Expenses:GeneralExpense:Rent 17000.00 HKD
  qty: "1"
  description: "323 3月2023 租金"
  referenceNo: "230"
  orderId: "1bab076e-eafd-46b7-8fd3-2e19c61647f7"
  type: "Bill Item"
  sourceId: "1dfa9828-f88f-4439-b38c-d90c6a9bd8f4"
  Liabilities:CurrentLiabilities:AccountPayable
  referenceNo: "230"
  orderId: "1bab076e-eafd-46b7-8fd3-2e19c61647f7"
  type: "Bill"
  sourceId: "1bab076e-eafd-46b7-8fd3-2e19c61647f7"
  contact: "880 806 ()"
2023-03-01 * "880 806 () [53b8789a-4451-4a1f-84f7-a9c5da7ada1a]" "Bill Payment for Bill #230 #471a77b3-c6b9-46f8-84fe-9247de7e26f7"
  Liabilities:CurrentLiabilities:AccountPayable 17000.00 HKD
  contact: "880 806 () [53b8789a-4451-4a1f-84f7-a9c5da7ada1a]"
  type: "Bill Payment"
  sourceId: "471a77b3-c6b9-46f8-84fe-9247de7e26f7"
  referenceNo: "230"
  orderId: "1bab076e-eafd-46b7-8fd3-2e19c61647f7"
  Assets:CurrentAssets:Bank:BocCurrentBank -17000.00 HKD
  type: "Bill Payment"
  sourceId: "471a77b3-c6b9-46f8-84fe-9247de7e26f7"
  referenceNo: "230"
  orderId: "1bab076e-eafd-46b7-8fd3-2e19c61647f7"
2023-03-02 * "880 806 () [53b8789a-4451-4a1f-84f7-a9c5da7ada1a]" "Bill Payment for Bill #453 #7f04955b-dfae-4e7b-ba89-0fe07d8f7458"
  Liabilities:CurrentLiabilities:AccountPayable 80.03 HKD
  contact: "880 806 () [53b8789a-4451-4a1f-84f7-a9c5da7ada1a]"
  type: "Bill Payment"
  sourceId: "7f04955b-dfae-4e7b-ba89-0fe07d8f7458"
  referenceNo: "453"
  orderId: "86b91641-a4c0-4187-8dbf-400c1e50eab3"
  Assets:CurrentAssets:Bank:BocVisaCard-DavidBank -80.03 HKD
  type: "Bill Payment"
  sourceId: "7f04955b-dfae-4e7b-ba89-0fe07d8f7458"
  referenceNo: "453"
  orderId: "86b91641-a4c0-4187-8dbf-400c1e50eab3"
2023-03-02 * "Bill #456 CHATFUEL"
  referenceNo: "456"
  orderId: "c456631f-1bc1-488d-9acf-02c807041db0"
  type: "Bill"
  Expenses:GeneralExpense:WebErpDev 240.08 HKD
  qty: "1"
  description: "CHATFUEL USD10 @8.003"
  referenceNo: "456"
  orderId: "c456631f-1bc1-488d-9acf-02c807041db0"
  type: "Bill Item"
  sourceId: "55de3204-a55d-4ed4-91f6-b4f8601d2123"
  Liabilities:CurrentLiabilities:AccountPayable
  referenceNo: "456"
  orderId: "c456631f-1bc1-488d-9acf-02c807041db0"
  type: "Bill"
  sourceId: "c456631f-1bc1-488d-9acf-02c807041db0"
  contact: "880 806 ()"
2023-03-02 * "Bill #453 CHATFUEL"
  referenceNo: "453"
  orderId: "86b91641-a4c0-4187-8dbf-400c1e50eab3"
  type: "Bill"
  Expenses:GeneralExpense:WebErpDev 80.03 HKD
  qty: "1"
  description: "CHATFUEL USD10 @8.0026667"
  referenceNo: "453"
  orderId: "86b91641-a4c0-4187-8dbf-400c1e50eab3"
  type: "Bill Item"
  sourceId: "74d7c76e-0241-42dd-8b08-996a1043e76d"
  Liabilities:CurrentLiabilities:AccountPayable
  referenceNo: "453"
  orderId: "86b91641-a4c0-4187-8dbf-400c1e50eab3"
  type: "Bill"
  sourceId: "86b91641-a4c0-4187-8dbf-400c1e50eab3"
  contact: "880 806 ()"
2023-03-02 * "880 806 () [53b8789a-4451-4a1f-84f7-a9c5da7ada1a]" "Bill Payment for Bill #456 #ab32159c-48e6-4c22-b0c6-54cf3156a52b"
  Liabilities:CurrentLiabilities:AccountPayable 240.08 HKD
  contact: "880 806 () [53b8789a-4451-4a1f-84f7-a9c5da7ada1a]"
  type: "Bill Payment"
  sourceId: "ab32159c-48e6-4c22-b0c6-54cf3156a52b"
  referenceNo: "456"
  orderId: "c456631f-1bc1-488d-9acf-02c807041db0"
  Assets:CurrentAssets:Bank:BocVisaCard-DavidBank -240.08 HKD
  type: "Bill Payment"
  sourceId: "ab32159c-48e6-4c22-b0c6-54cf3156a52b"
  referenceNo: "456"
  orderId: "c456631f-1bc1-488d-9acf-02c807041db0"
2023-03-03 * "880 806 () [53b8789a-4451-4a1f-84f7-a9c5da7ada1a]" "Bill Payment for Bill #413 #a2a9f851-a102-434a-b3ab-62fd038803dd"
  Liabilities:CurrentLiabilities:AccountPayable 410.00 HKD
  contact: "880 806 () [53b8789a-4451-4a1f-84f7-a9c5da7ada1a]"
  type: "Bill Payment"
  sourceId: "a2a9f851-a102-434a-b3ab-62fd038803dd"
  referenceNo: "413"
  orderId: "fad6632b-810d-4150-9065-67fdac0cb08d"
  Assets:CurrentAssets:Bank:BocSavingBank -410.00 HKD
  type: "Bill Payment"
  sourceId: "a2a9f851-a102-434a-b3ab-62fd038803dd"
  referenceNo: "413"
  orderId: "fad6632b-810d-4150-9065-67fdac0cb08d"
2023-03-08 * "Bill #427 WEBFLOW.COM"
  referenceNo: "427"
  orderId: "6f165594-3557-4872-a3c9-69bec69bdc6e"
  type: "Bill"
  Expenses:GeneralExpense:WebErpDev 224.10 HKD
  qty: "1"
  description: "WEBFLOW.COM USD28 @8.0035714"
  referenceNo: "427"
  orderId: "6f165594-3557-4872-a3c9-69bec69bdc6e"
  type: "Bill Item"
  sourceId: "830f4180-68aa-4cc7-a4c1-58c0f46078c5"
  Liabilities:CurrentLiabilities:AccountPayable
  referenceNo: "427"
  orderId: "6f165594-3557-4872-a3c9-69bec69bdc6e"
  type: "Bill"
  sourceId: "6f165594-3557-4872-a3c9-69bec69bdc6e"
  contact: "880 806 ()"
2023-03-08 * "880 806 () [53b8789a-4451-4a1f-84f7-a9c5da7ada1a]" "Bill Payment for Bill #427 #f4cf6ae0-e3f6-4c7b-9406-abc1eff71595"
  Liabilities:CurrentLiabilities:AccountPayable 224.10 HKD
  contact: "880 806 () [53b8789a-4451-4a1f-84f7-a9c5da7ada1a]"
  type: "Bill Payment"
  sourceId: "f4cf6ae0-e3f6-4c7b-9406-abc1eff71595"
  referenceNo: "427"
  orderId: "6f165594-3557-4872-a3c9-69bec69bdc6e"
  Assets:CurrentAssets:Bank:BocVisaCard-DavidBank -224.10 HKD
  type: "Bill Payment"
  sourceId: "f4cf6ae0-e3f6-4c7b-9406-abc1eff71595"
  referenceNo: "427"
  orderId: "6f165594-3557-4872-a3c9-69bec69bdc6e"
2023-03-12 * "Bill #48 kpay063"
  referenceNo: "48"
  orderId: "e4a39493-15ab-4e9e-9f60-3cad6dd384d0"
  type: "Bill"
  Expenses:GeneralExpense:CardFeeExpense 547.00 HKD
  qty: "1"
  description: ""
  referenceNo: "48"
  orderId: "e4a39493-15ab-4e9e-9f60-3cad6dd384d0"
  type: "Bill Item"
  sourceId: "a805b993-886c-4a16-8ae5-7007e3f0e9a6"
  Liabilities:CurrentLiabilities:AccountPayable
  referenceNo: "48"
  orderId: "e4a39493-15ab-4e9e-9f60-3cad6dd384d0"
  type: "Bill"
  sourceId: "e4a39493-15ab-4e9e-9f60-3cad6dd384d0"
  contact: "998 12345821 (KPAY)"
2023-03-12 * "Assets:CurrentAssets:Bank:KpayBank" "Invoice Payment for Invoice #122 #7eb0e98c-25c7-47d4-b8bd-eb54ea1118e5"
  Assets:CurrentAssets:Bank:KpayBank 21400.00 HKD
  type: "Invoice Payment"
  sourceId: "7eb0e98c-25c7-47d4-b8bd-eb54ea1118e5"
  referenceNo: "122"
  orderId: "74eaabdd-08c5-42b4-bd55-4929d6c1fb2d"
  Assets:CurrentAssets:AccountReceivable -21400.00 HKD
  type: "Invoice Payment"
  sourceId: "7eb0e98c-25c7-47d4-b8bd-eb54ea1118e5"
  referenceNo: "122"
  orderId: "74eaabdd-08c5-42b4-bd55-4929d6c1fb2d"
  contact: "852 63233897 (MR.NGJAN) [10657229-e41d-4e3a-9688-1adf2b783a99]"
2023-03-12 * "Assets:CurrentAssets:Bank:KpayBank" "Invoice Payment for Invoice #122 #824ae2ca-8a01-4743-94a6-04cd2b672722"
  Assets:CurrentAssets:Bank:KpayBank 15000.00 HKD
  type: "Invoice Payment"
  sourceId: "824ae2ca-8a01-4743-94a6-04cd2b672722"
  referenceNo: "122"
  orderId: "74eaabdd-08c5-42b4-bd55-4929d6c1fb2d"
  Assets:CurrentAssets:AccountReceivable -15000.00 HKD
  type: "Invoice Payment"
  sourceId: "824ae2ca-8a01-4743-94a6-04cd2b672722"
  referenceNo: "122"
  orderId: "74eaabdd-08c5-42b4-bd55-4929d6c1fb2d"
  contact: "852 63233897 (MR.NGJAN) [10657229-e41d-4e3a-9688-1adf2b783a99]"
2023-03-12 * "998 12345821 (KPAY) [5a706f32-7edc-48d8-ae47-62fee1e8bba1]" "Bill Payment for Bill #48 #9139c778-168d-4a0e-aa0b-e48ae2f794b7"
  Liabilities:CurrentLiabilities:AccountPayable 547.00 HKD
  contact: "998 12345821 (KPAY) [5a706f32-7edc-48d8-ae47-62fee1e8bba1]"
  type: "Bill Payment"
  sourceId: "9139c778-168d-4a0e-aa0b-e48ae2f794b7"
  referenceNo: "48"
  orderId: "e4a39493-15ab-4e9e-9f60-3cad6dd384d0"
  Assets:CurrentAssets:Bank:KpayBank -547.00 HKD
  type: "Bill Payment"
  sourceId: "9139c778-168d-4a0e-aa0b-e48ae2f794b7"
  referenceNo: "48"
  orderId: "e4a39493-15ab-4e9e-9f60-3cad6dd384d0"
2023-03-13 * "Bill #413 EPS 23年2月手續費"
  referenceNo: "413"
  orderId: "fad6632b-810d-4150-9065-67fdac0cb08d"
  type: "Bill"
  Expenses:GeneralExpense:BankFeesExpense 410.00 HKD
  qty: "1"
  description: "EPS 23年2月手續費"
  referenceNo: "413"
  orderId: "fad6632b-810d-4150-9065-67fdac0cb08d"
  type: "Bill Item"
  sourceId: "f9461827-e08c-44ae-b9e6-751e0b19010b"
  Liabilities:CurrentLiabilities:AccountPayable
  referenceNo: "413"
  orderId: "fad6632b-810d-4150-9065-67fdac0cb08d"
  type: "Bill"
  sourceId: "fad6632b-810d-4150-9065-67fdac0cb08d"
  contact: "880 806 ()"
2023-03-14 * "Invoice #124 INV-0176 MR. GOR GOR"
  Income:Sales:SalesItem:SellBespokeorotherFee -24000.00 HKD
  category: "Jewelry"
  sku: "BRACELET00001"
  qty: 1
  referenceNo: "124"
  orderId: "483f924f-a13e-4053-941a-89f356efa781"
  type: "Invoice Item"
  sourceId: "1aefc495-fa72-476c-9576-73984d9d24bb"
  Assets:CurrentAssets:AccountReceivable
  referenceNo: "124"
  orderId: "483f924f-a13e-4053-941a-89f356efa781"
  type: "Invoice"
  sourceId: "483f924f-a13e-4053-941a-89f356efa781"
  contact: "852 96217870 (MR.GORGOR) [6649c5c8-38bd-4efd-a54b-f8b3c84477bf]"
2023-03-14 * "Bill #668 📝MEMO No.0686 11PCS LAB DIAMOND"
  referenceNo: "668"
  orderId: "92952642-dab5-4e46-b265-f61063a0001e"
  type: "Bill"
  Expenses:CostOfSales:Purchase:PurchaseItem:BuyDiamond 0.00 HKD
  category: "CXL - LabDiamond"
  sku: "L547256672 "
  qty: 1
  referenceNo: "668"
  orderId: "92952642-dab5-4e46-b265-f61063a0001e"
  type: "Bill Item"
  sourceId: "0c8afaac-171e-4a3e-9915-93990616b8b1"
  Expenses:CostOfSales:Purchase:PurchaseItem:BuyDiamond 0.00 HKD
  category: "CXL - LabDiamond"
  sku: "L547256673 "
  qty: 1
  referenceNo: "668"
  orderId: "92952642-dab5-4e46-b265-f61063a0001e"
  type: "Bill Item"
  sourceId: "b2c3d8ae-5163-4554-8d14-b1e40c781854"
  Expenses:CostOfSales:Purchase:PurchaseItem:BuyDiamond 0.00 HKD
  category: "CXL - LabDiamond"
  sku: "L468105387 "
  qty: 1
  referenceNo: "668"
  orderId: "92952642-dab5-4e46-b265-f61063a0001e"
  type: "Bill Item"
  sourceId: "b475c30a-40b3-4b27-9dbd-ae3a4dfce763"
  Expenses:CostOfSales:Purchase:PurchaseItem:BuyDiamond 0.00 HKD
  category: "CXL - LabDiamond"
  sku: "L478113083 "
  qty: 1
  referenceNo: "668"
  orderId: "92952642-dab5-4e46-b265-f61063a0001e"
  type: "Bill Item"
  sourceId: "15527bcc-8ba2-4857-9fbf-1fa15eb006c3"
  Expenses:CostOfSales:Purchase:PurchaseItem:BuyDiamond 0.00 HKD
  category: "CXL - LabDiamond"
  sku: "L478112975 "
  qty: 1
  referenceNo: "668"
  orderId: "92952642-dab5-4e46-b265-f61063a0001e"
  type: "Bill Item"
  sourceId: "fda299f9-aa9c-4d5b-bfb0-3affccd15e83"
  Expenses:CostOfSales:Purchase:PurchaseItem:BuyDiamond 0.00 HKD
  category: "CXL - LabDiamond"
  sku: "L563228713 "
  qty: 1
  referenceNo: "668"
  orderId: "92952642-dab5-4e46-b265-f61063a0001e"
  type: "Bill Item"
  sourceId: "edeb0de3-2549-4fe2-a6f4-efabdacba4f8"
  Expenses:CostOfSales:Purchase:PurchaseItem:BuyDiamond 0.00 HKD
  category: "CXL - LabDiamond"
  sku: "L564359838 "
  qty: 1
  referenceNo: "668"
  orderId: "92952642-dab5-4e46-b265-f61063a0001e"
  type: "Bill Item"
  sourceId: "39339859-de41-45c9-b9e6-3ac42844a4fc"
  Expenses:CostOfSales:Purchase:PurchaseItem:BuyDiamond 0.00 HKD
  category: "CXL - LabDiamond"
  sku: "L546297138 "
  qty: 1
  referenceNo: "668"
  orderId: "92952642-dab5-4e46-b265-f61063a0001e"
  type: "Bill Item"
  sourceId: "2e50c4b5-766b-42be-a361-49617cd4cc94"
  Expenses:CostOfSales:Purchase:PurchaseItem:BuyDiamond 0.00 HKD
  category: "CXL - LabDiamond"
  sku: "L542240397 "
  qty: 1
  referenceNo: "668"
  orderId: "92952642-dab5-4e46-b265-f61063a0001e"
  type: "Bill Item"
  sourceId: "a442d9ad-7fd5-48fb-9546-ddc1a60b0bba"
  Expenses:CostOfSales:Purchase:PurchaseItem:BuyDiamond 0.00 HKD
  category: "CXL - LabDiamond"
  sku: "L546297141 "
  qty: 1
  referenceNo: "668"
  orderId: "92952642-dab5-4e46-b265-f61063a0001e"
  type: "Bill Item"
  sourceId: "0a4a4cbf-4663-4bee-bd41-1ccf3cbe56e9"
  Expenses:CostOfSales:Purchase:PurchaseItem:BuyDiamond 0.00 HKD
  category: "CXL - LabDiamond"
  sku: "L542240394 "
  qty: 1
  referenceNo: "668"
  orderId: "92952642-dab5-4e46-b265-f61063a0001e"
  type: "Bill Item"
  sourceId: "a16207de-c4c2-4962-b2aa-5309de24571f"
  Liabilities:CurrentLiabilities:AccountPayable
  referenceNo: "668"
  orderId: "92952642-dab5-4e46-b265-f61063a0001e"
  type: "Bill"
  sourceId: "92952642-dab5-4e46-b265-f61063a0001e"
  contact: "852 61274004 (MAHEKDIAMLTD)"
2023-03-14 * "Bill #772 323電費(2022- 12 ~ 2023- 1 / 2 月)"
  referenceNo: "772"
  orderId: "38994887-d79b-447d-b026-10d18d2f4c7b"
  type: "Bill"
  Expenses:GeneralExpense:ElectricityLightHeating 394.00 HKD
  qty: "1"
  description: "323電費(2023- 1月)"
  referenceNo: "772"
  orderId: "38994887-d79b-447d-b026-10d18d2f4c7b"
  type: "Bill Item"
  sourceId: "24fc679c-6f85-42b1-868b-a2facdfe7085"
  Expenses:GeneralExpense:ElectricityLightHeating 490.00 HKD
  qty: "1"
  description: "323電費(2023- 2月)"
  referenceNo: "772"
  orderId: "38994887-d79b-447d-b026-10d18d2f4c7b"
  type: "Bill Item"
  sourceId: "a34bc0ae-94d5-4a18-a854-cfaf44a5edcf"
  Expenses:GeneralExpense:ElectricityLightHeating 453.00 HKD
  qty: "1"
  description: "323電費(2022- 12月)"
  referenceNo: "772"
  orderId: "38994887-d79b-447d-b026-10d18d2f4c7b"
  type: "Bill Item"
  sourceId: "c1f6dbb6-87fc-4161-8a30-a7c112881616"
  Liabilities:CurrentLiabilities:AccountPayable
  referenceNo: "772"
  orderId: "38994887-d79b-447d-b026-10d18d2f4c7b"
  type: "Bill"
  sourceId: "38994887-d79b-447d-b026-10d18d2f4c7b"
  contact: "880 806 ()"
2023-03-14 * "Bill #657 230314"
  referenceNo: "657"
  orderId: "ba672480-1013-452a-a577-0770267aa973"
  type: "Bill"
  Expenses:CostOfSales:Purchase:PurchaseItem:BuyBespoke 22000.00 HKD
  category: "Jewelry"
  sku: "BRACELET00001"
  qty: 1
  referenceNo: "657"
  orderId: "ba672480-1013-452a-a577-0770267aa973"
  type: "Bill Item"
  sourceId: "2286db8a-b663-45f7-85f4-27b0185c5b2b"
  Liabilities:CurrentLiabilities:AccountPayable
  referenceNo: "657"
  orderId: "ba672480-1013-452a-a577-0770267aa973"
  type: "Bill"
  sourceId: "ba672480-1013-452a-a577-0770267aa973"
  contact: "998 12345740 (PRESSUREWORKDESIGNCONSULTANTS)"
2023-03-14 * "Assets:CurrentAssets:Cash:CashInHand" "Invoice Payment for Invoice #124 #a2d59742-4ba6-44e9-af71-d1ef171723c9"
  Assets:CurrentAssets:Cash:CashInHand 24000.00 HKD
  type: "Invoice Payment"
  sourceId: "a2d59742-4ba6-44e9-af71-d1ef171723c9"
  referenceNo: "124"
  orderId: "483f924f-a13e-4053-941a-89f356efa781"
  Assets:CurrentAssets:AccountReceivable -24000.00 HKD
  type: "Invoice Payment"
  sourceId: "a2d59742-4ba6-44e9-af71-d1ef171723c9"
  referenceNo: "124"
  orderId: "483f924f-a13e-4053-941a-89f356efa781"
  contact: "852 96217870 (MR.GORGOR) [6649c5c8-38bd-4efd-a54b-f8b3c84477bf]"
2023-03-14 * "880 806 () [53b8789a-4451-4a1f-84f7-a9c5da7ada1a]" "Bill Payment for Bill #772 #206a7af9-e79e-44fc-8926-ff7350ba99b2"
  Liabilities:CurrentLiabilities:AccountPayable 1337.00 HKD
  contact: "880 806 () [53b8789a-4451-4a1f-84f7-a9c5da7ada1a]"
  type: "Bill Payment"
  sourceId: "206a7af9-e79e-44fc-8926-ff7350ba99b2"
  referenceNo: "772"
  orderId: "38994887-d79b-447d-b026-10d18d2f4c7b"
  Liabilities:CurrentLiabilities:CurrentAccount:C-a-MilrichElectronicsHkCoLtd -1337.00 HKD
  type: "Bill Payment"
  sourceId: "206a7af9-e79e-44fc-8926-ff7350ba99b2"
  referenceNo: "772"
  orderId: "38994887-d79b-447d-b026-10d18d2f4c7b"
2023-03-14 * "998 12345740 (PRESSUREWORKDESIGNCONSULTANTS) [205398a5-a6c5-4a09-938a-7308f6334f41]" "Bill Payment for Bill #657 #2867d31f-cc8c-40bd-9467-89d960a28c4a"
  Liabilities:CurrentLiabilities:AccountPayable 22000.00 HKD
  contact: "998 12345740 (PRESSUREWORKDESIGNCONSULTANTS) [205398a5-a6c5-4a09-938a-7308f6334f41]"
  type: "Bill Payment"
  sourceId: "2867d31f-cc8c-40bd-9467-89d960a28c4a"
  referenceNo: "657"
  orderId: "ba672480-1013-452a-a577-0770267aa973"
  Assets:CurrentAssets:Cash:CashInHand -22000.00 HKD
  type: "Bill Payment"
  sourceId: "2867d31f-cc8c-40bd-9467-89d960a28c4a"
  referenceNo: "657"
  orderId: "ba672480-1013-452a-a577-0770267aa973"
2023-03-16 * "Bill #459 FACEBK *M3ZUZPTZM2"
  referenceNo: "459"
  orderId: "7a5fc2df-62a4-4417-8b09-f74f54160b5a"
  type: "Bill"
  Expenses:GeneralExpense:AdvertisingAndBranding 3138.54 HKD
  qty: "1"
  description: "FACEBK *M3ZUZPTZM2"
  referenceNo: "459"
  orderId: "7a5fc2df-62a4-4417-8b09-f74f54160b5a"
  type: "Bill Item"
  sourceId: "7a4b9f0d-d9dd-43a6-af36-fb0836a827d5"
  Liabilities:CurrentLiabilities:AccountPayable
  referenceNo: "459"
  orderId: "7a5fc2df-62a4-4417-8b09-f74f54160b5a"
  type: "Bill"
  sourceId: "7a5fc2df-62a4-4417-8b09-f74f54160b5a"
  contact: "880 806 ()"
2023-03-16 * "Bill #463 OVERSEA TRANSACTION FEE"
  referenceNo: "463"
  orderId: "31cd83cc-5e28-4437-bee9-3eff74ce2f86"
  type: "Bill"
  Expenses:GeneralExpense:BankFeesExpense 25.10 HKD
  qty: "1"
  description: "OVERSEA TRANSACTION FEE"
  referenceNo: "463"
  orderId: "31cd83cc-5e28-4437-bee9-3eff74ce2f86"
  type: "Bill Item"
  sourceId: "50bae4d3-4ef5-422b-84c4-07db5cc52cc4"
  Liabilities:CurrentLiabilities:AccountPayable
  referenceNo: "463"
  orderId: "31cd83cc-5e28-4437-bee9-3eff74ce2f86"
  type: "Bill"
  sourceId: "31cd83cc-5e28-4437-bee9-3eff74ce2f86"
  contact: "998 12345835 (boc(bankofchina))"
2023-03-16 * "880 806 () [53b8789a-4451-4a1f-84f7-a9c5da7ada1a]" "Bill Payment for Bill #459 #44a97825-43eb-4218-8fb1-3dd67ab87e81"
  Liabilities:CurrentLiabilities:AccountPayable 3138.54 HKD
  contact: "880 806 () [53b8789a-4451-4a1f-84f7-a9c5da7ada1a]"
  type: "Bill Payment"
  sourceId: "44a97825-43eb-4218-8fb1-3dd67ab87e81"
  referenceNo: "459"
  orderId: "7a5fc2df-62a4-4417-8b09-f74f54160b5a"
  Assets:CurrentAssets:Bank:BocVisaCard-DavidBank -3138.54 HKD
  type: "Bill Payment"
  sourceId: "44a97825-43eb-4218-8fb1-3dd67ab87e81"
  referenceNo: "459"
  orderId: "7a5fc2df-62a4-4417-8b09-f74f54160b5a"
2023-03-16 * "998 12345835 (boc(bankofchina)) [82f385a7-d238-4826-9a12-e06648f93cdb]" "Bill Payment for Bill #463 #cb35cb87-2a44-4ef8-aab9-cf602e533bbe"
  Liabilities:CurrentLiabilities:AccountPayable 25.10 HKD
  contact: "998 12345835 (boc(bankofchina)) [82f385a7-d238-4826-9a12-e06648f93cdb]"
  type: "Bill Payment"
  sourceId: "cb35cb87-2a44-4ef8-aab9-cf602e533bbe"
  referenceNo: "463"
  orderId: "31cd83cc-5e28-4437-bee9-3eff74ce2f86"
  Assets:CurrentAssets:Bank:BocVisaCard-DavidBank -25.10 HKD
  type: "Bill Payment"
  sourceId: "cb35cb87-2a44-4ef8-aab9-cf602e533bbe"
  referenceNo: "463"
  orderId: "31cd83cc-5e28-4437-bee9-3eff74ce2f86"
2023-03-20 * "Bill #245 3月2023 MPF"
  referenceNo: "245"
  orderId: "e8a5ef9b-f6ef-4c44-bda2-aac1a92d4db6"
  type: "Bill"
  Expenses:GeneralExpense:Mpf 5300.00 HKD
  qty: "1"
  description: "3月2023 MPF"
  referenceNo: "245"
  orderId: "e8a5ef9b-f6ef-4c44-bda2-aac1a92d4db6"
  type: "Bill Item"
  sourceId: "36f326ea-2a21-48d3-89c7-62a23903b9c1"
  Liabilities:CurrentLiabilities:AccountPayable
  referenceNo: "245"
  orderId: "e8a5ef9b-f6ef-4c44-bda2-aac1a92d4db6"
  type: "Bill"
  sourceId: "e8a5ef9b-f6ef-4c44-bda2-aac1a92d4db6"
  contact: "880 806 ()"
2023-03-20 * "880 806 () [53b8789a-4451-4a1f-84f7-a9c5da7ada1a]" "Bill Payment for Bill #245 #8e286251-25dc-40ba-8dbe-52b01983db00"
  Liabilities:CurrentLiabilities:AccountPayable 5300.00 HKD
  contact: "880 806 () [53b8789a-4451-4a1f-84f7-a9c5da7ada1a]"
  type: "Bill Payment"
  sourceId: "8e286251-25dc-40ba-8dbe-52b01983db00"
  referenceNo: "245"
  orderId: "e8a5ef9b-f6ef-4c44-bda2-aac1a92d4db6"
  Assets:CurrentAssets:Bank:BocCurrentBank -5300.00 HKD
  type: "Bill Payment"
  sourceId: "8e286251-25dc-40ba-8dbe-52b01983db00"
  referenceNo: "245"
  orderId: "e8a5ef9b-f6ef-4c44-bda2-aac1a92d4db6"
2023-03-21 * "Bill #246 323 4月管理費"
  referenceNo: "246"
  orderId: "06f66122-5f96-41de-8f93-f71e56f46ece"
  type: "Bill"
  Expenses:GeneralExpense:BuildingManagementFee 1648.00 HKD
  qty: "1"
  description: "323 4月管理費"
  referenceNo: "246"
  orderId: "06f66122-5f96-41de-8f93-f71e56f46ece"
  type: "Bill Item"
  sourceId: "5e780634-6ce7-4521-8bf6-ec99b71135fc"
  Liabilities:CurrentLiabilities:AccountPayable
  referenceNo: "246"
  orderId: "06f66122-5f96-41de-8f93-f71e56f46ece"
  type: "Bill"
  sourceId: "06f66122-5f96-41de-8f93-f71e56f46ece"
  contact: "880 806 ()"
2023-03-21 * "880 806 () [53b8789a-4451-4a1f-84f7-a9c5da7ada1a]" "Bill Payment for Bill #246 #fcf440d9-f89c-479a-8143-3e4ab3b6bc5b"
  Liabilities:CurrentLiabilities:AccountPayable 1648.00 HKD
  contact: "880 806 () [53b8789a-4451-4a1f-84f7-a9c5da7ada1a]"
  type: "Bill Payment"
  sourceId: "fcf440d9-f89c-479a-8143-3e4ab3b6bc5b"
  referenceNo: "246"
  orderId: "06f66122-5f96-41de-8f93-f71e56f46ece"
  Assets:CurrentAssets:Bank:BocCurrentBank -1648.00 HKD
  type: "Bill Payment"
  sourceId: "fcf440d9-f89c-479a-8143-3e4ab3b6bc5b"
  referenceNo: "246"
  orderId: "06f66122-5f96-41de-8f93-f71e56f46ece"
2023-03-22 * "Bill #467 GOOGLE*ADS7416995186"
  referenceNo: "467"
  orderId: "bdbee966-c914-466b-85a5-9daa54c38d48"
  type: "Bill"
  Expenses:GeneralExpense:AdvertisingAndBranding 5000.00 HKD
  qty: "1"
  description: "GOOGLE*ADS7416995186"
  referenceNo: "467"
  orderId: "bdbee966-c914-466b-85a5-9daa54c38d48"
  type: "Bill Item"
  sourceId: "5c431381-e7e3-4af2-a917-7c2d127cb7ab"
  Liabilities:CurrentLiabilities:AccountPayable
  referenceNo: "467"
  orderId: "bdbee966-c914-466b-85a5-9daa54c38d48"
  type: "Bill"
  sourceId: "bdbee966-c914-466b-85a5-9daa54c38d48"
  contact: "880 806 ()"
2023-03-22 * "Bill #461 OVERSEA TRANSACTION FEE"
  referenceNo: "461"
  orderId: "c56814cf-7691-44a0-b915-877687676159"
  type: "Bill"
  Expenses:GeneralExpense:BankFeesExpense 40.00 HKD
  qty: "1"
  description: "OVERSEA TRANSACTION FEE"
  referenceNo: "461"
  orderId: "c56814cf-7691-44a0-b915-877687676159"
  type: "Bill Item"
  sourceId: "fa0534e2-1f8b-4100-8d33-648b80134996"
  Liabilities:CurrentLiabilities:AccountPayable
  referenceNo: "461"
  orderId: "c56814cf-7691-44a0-b915-877687676159"
  type: "Bill"
  sourceId: "c56814cf-7691-44a0-b915-877687676159"
  contact: "998 12345835 (boc(bankofchina))"
2023-03-22 * "880 806 () [53b8789a-4451-4a1f-84f7-a9c5da7ada1a]" "Bill Payment for Bill #467 #12344491-a72c-4167-96f6-8a6ec317ac6e"
  Liabilities:CurrentLiabilities:AccountPayable 5000.00 HKD
  contact: "880 806 () [53b8789a-4451-4a1f-84f7-a9c5da7ada1a]"
  type: "Bill Payment"
  sourceId: "12344491-a72c-4167-96f6-8a6ec317ac6e"
  referenceNo: "467"
  orderId: "bdbee966-c914-466b-85a5-9daa54c38d48"
  Assets:CurrentAssets:Bank:BocVisaCard-DavidBank -5000.00 HKD
  type: "Bill Payment"
  sourceId: "12344491-a72c-4167-96f6-8a6ec317ac6e"
  referenceNo: "467"
  orderId: "bdbee966-c914-466b-85a5-9daa54c38d48"
2023-03-22 * "998 12345835 (boc(bankofchina)) [82f385a7-d238-4826-9a12-e06648f93cdb]" "Bill Payment for Bill #461 #3da5228f-2d7b-44d8-9db3-780f31903ae4"
  Liabilities:CurrentLiabilities:AccountPayable 40.00 HKD
  contact: "998 12345835 (boc(bankofchina)) [82f385a7-d238-4826-9a12-e06648f93cdb]"
  type: "Bill Payment"
  sourceId: "3da5228f-2d7b-44d8-9db3-780f31903ae4"
  referenceNo: "461"
  orderId: "c56814cf-7691-44a0-b915-877687676159"
  Assets:CurrentAssets:Bank:BocVisaCard-DavidBank -40.00 HKD
  type: "Bill Payment"
  sourceId: "3da5228f-2d7b-44d8-9db3-780f31903ae4"
  referenceNo: "461"
  orderId: "c56814cf-7691-44a0-b915-877687676159"
2023-03-28 * "Bill #619 NO.230328"
  referenceNo: "619"
  orderId: "57db354b-020d-4fae-b19d-a9dad76ed0b1"
  type: "Bill"
  Expenses:CostOfSales:Purchase:PurchaseItem:Buy18kJewelry 3800.00 HKD
  category: "Ring Setting"
  sku: "DDFFFFFF0B00000000000094"
  qty: 1
  referenceNo: "619"
  orderId: "57db354b-020d-4fae-b19d-a9dad76ed0b1"
  type: "Bill Item"
  sourceId: "6f34c13d-c9a6-47f9-8121-4108580857c4"
  Liabilities:CurrentLiabilities:AccountPayable
  referenceNo: "619"
  orderId: "57db354b-020d-4fae-b19d-a9dad76ed0b1"
  type: "Bill"
  sourceId: "57db354b-020d-4fae-b19d-a9dad76ed0b1"
  contact: "998 12345740 (PRESSUREWORKDESIGNCONSULTANTS)"
2023-03-28 * "998 12345740 (PRESSUREWORKDESIGNCONSULTANTS) [205398a5-a6c5-4a09-938a-7308f6334f41]" "Bill Payment for Bill #619 #dab5cbb4-bf12-41e6-9a45-935510f2928d"
  Liabilities:CurrentLiabilities:AccountPayable 3800.00 HKD
  contact: "998 12345740 (PRESSUREWORKDESIGNCONSULTANTS) [205398a5-a6c5-4a09-938a-7308f6334f41]"
  type: "Bill Payment"
  sourceId: "dab5cbb4-bf12-41e6-9a45-935510f2928d"
  referenceNo: "619"
  orderId: "57db354b-020d-4fae-b19d-a9dad76ed0b1"
  Assets:CurrentAssets:Cash:CashInHand -3800.00 HKD
  type: "Bill Payment"
  sourceId: "dab5cbb4-bf12-41e6-9a45-935510f2928d"
  referenceNo: "619"
  orderId: "57db354b-020d-4fae-b19d-a9dad76ed0b1"
2023-03-28 * "Bill #466 GOOGLE*ADS7416995186 "
  referenceNo: "466"
  orderId: "4048366d-cb17-4dd5-870a-ccff5a0210ca"
  type: "Bill"
  Expenses:GeneralExpense:AdvertisingAndBranding 5000.00 HKD
  qty: "1"
  description: "GOOGLE*ADS7416995186 "
  referenceNo: "466"
  orderId: "4048366d-cb17-4dd5-870a-ccff5a0210ca"
  type: "Bill Item"
  sourceId: "8ba70324-1b33-484b-83df-e5df4ce28d65"
  Liabilities:CurrentLiabilities:AccountPayable
  referenceNo: "466"
  orderId: "4048366d-cb17-4dd5-870a-ccff5a0210ca"
  type: "Bill"
  sourceId: "4048366d-cb17-4dd5-870a-ccff5a0210ca"
  contact: "880 806 ()"
2023-03-28 * "Bill #469 OVERSEA TRANSACTION FEE"
  referenceNo: "469"
  orderId: "7fd2d62f-67fd-4553-a005-5be667d0e844"
  type: "Bill"
  Expenses:GeneralExpense:BankFeesExpense 40.00 HKD
  qty: "1"
  description: "OVERSEA TRANSACTION FEE"
  referenceNo: "469"
  orderId: "7fd2d62f-67fd-4553-a005-5be667d0e844"
  type: "Bill Item"
  sourceId: "59bd0932-7b66-4348-a954-01d9da7dabb8"
  Liabilities:CurrentLiabilities:AccountPayable
  referenceNo: "469"
  orderId: "7fd2d62f-67fd-4553-a005-5be667d0e844"
  type: "Bill"
  sourceId: "7fd2d62f-67fd-4553-a005-5be667d0e844"
  contact: "998 12345835 (boc(bankofchina))"
2023-03-28 * "998 12345835 (boc(bankofchina)) [82f385a7-d238-4826-9a12-e06648f93cdb]" "Bill Payment for Bill #469 #2325c13b-915c-40ec-8986-c2e15d835348"
  Liabilities:CurrentLiabilities:AccountPayable 40.00 HKD
  contact: "998 12345835 (boc(bankofchina)) [82f385a7-d238-4826-9a12-e06648f93cdb]"
  type: "Bill Payment"
  sourceId: "2325c13b-915c-40ec-8986-c2e15d835348"
  referenceNo: "469"
  orderId: "7fd2d62f-67fd-4553-a005-5be667d0e844"
  Assets:CurrentAssets:Bank:BocVisaCard-DavidBank -40.00 HKD
  type: "Bill Payment"
  sourceId: "2325c13b-915c-40ec-8986-c2e15d835348"
  referenceNo: "469"
  orderId: "7fd2d62f-67fd-4553-a005-5be667d0e844"
2023-03-28 * "880 806 () [53b8789a-4451-4a1f-84f7-a9c5da7ada1a]" "Bill Payment for Bill #466 #10460de5-3675-4a44-9cb2-fa069ac28621"
  Liabilities:CurrentLiabilities:AccountPayable 5000.00 HKD
  contact: "880 806 () [53b8789a-4451-4a1f-84f7-a9c5da7ada1a]"
  type: "Bill Payment"
  sourceId: "10460de5-3675-4a44-9cb2-fa069ac28621"
  referenceNo: "466"
  orderId: "4048366d-cb17-4dd5-870a-ccff5a0210ca"
  Assets:CurrentAssets:Bank:BocVisaCard-DavidBank -5000.00 HKD
  type: "Bill Payment"
  sourceId: "10460de5-3675-4a44-9cb2-fa069ac28621"
  referenceNo: "466"
  orderId: "4048366d-cb17-4dd5-870a-ccff5a0210ca"
2023-03-29 * "Bill #95 boc card fee"
  referenceNo: "95"
  orderId: "7b70ebb0-176f-4cea-a8b6-d3ea3a28ee85"
  type: "Bill"
  Expenses:GeneralExpense:CardFeeExpense 5381.75 HKD
  qty: "1"
  description: "BOC card fee"
  referenceNo: "95"
  orderId: "7b70ebb0-176f-4cea-a8b6-d3ea3a28ee85"
  type: "Bill Item"
  sourceId: "b9d0e0ab-e38f-426b-9383-1c82c087ab35"
  Liabilities:CurrentLiabilities:AccountPayable
  referenceNo: "95"
  orderId: "7b70ebb0-176f-4cea-a8b6-d3ea3a28ee85"
  type: "Bill"
  sourceId: "7b70ebb0-176f-4cea-a8b6-d3ea3a28ee85"
  contact: "880 806 ()"
2023-03-29 * "Bill #782 323上網(2023-4月)"
  referenceNo: "782"
  orderId: "8ed47771-5007-4591-b984-bf074a993114"
  type: "Bill"
  Expenses:GeneralExpense:TelephoneAndInternetAndAlarm 338.00 HKD
  qty: "1"
  description: "323上網(2023-4月)"
  referenceNo: "782"
  orderId: "8ed47771-5007-4591-b984-bf074a993114"
  type: "Bill Item"
  sourceId: "b1b2481b-aef5-4b59-abde-0586c281b3db"
  Liabilities:CurrentLiabilities:AccountPayable
  referenceNo: "782"
  orderId: "8ed47771-5007-4591-b984-bf074a993114"
  type: "Bill"
  sourceId: "8ed47771-5007-4591-b984-bf074a993114"
  contact: "880 806 ()"
2023-03-29 * "880 806 () [53b8789a-4451-4a1f-84f7-a9c5da7ada1a]" "Bill Payment for Bill #782 #e95664a7-5929-404a-91d6-9d25f6d94e0c"
  Liabilities:CurrentLiabilities:AccountPayable 338.00 HKD
  contact: "880 806 () [53b8789a-4451-4a1f-84f7-a9c5da7ada1a]"
  type: "Bill Payment"
  sourceId: "e95664a7-5929-404a-91d6-9d25f6d94e0c"
  referenceNo: "782"
  orderId: "8ed47771-5007-4591-b984-bf074a993114"
  Liabilities:CurrentLiabilities:CurrentAccount:C-a-MilrichElectronicsHkCoLtd -338.00 HKD
  type: "Bill Payment"
  sourceId: "e95664a7-5929-404a-91d6-9d25f6d94e0c"
  referenceNo: "782"
  orderId: "8ed47771-5007-4591-b984-bf074a993114"
2023-03-29 * "880 806 () [53b8789a-4451-4a1f-84f7-a9c5da7ada1a]" "Bill Payment for Bill #95 #7a7a04f0-8f67-4201-90ec-126619d72f5d"
  Liabilities:CurrentLiabilities:AccountPayable 5381.75 HKD
  contact: "880 806 () [53b8789a-4451-4a1f-84f7-a9c5da7ada1a]"
  type: "Bill Payment"
  sourceId: "7a7a04f0-8f67-4201-90ec-126619d72f5d"
  referenceNo: "95"
  orderId: "7b70ebb0-176f-4cea-a8b6-d3ea3a28ee85"
  Assets:CurrentAssets:Bank:C中銀卡機Bank -5381.75 HKD
  type: "Bill Payment"
  sourceId: "7a7a04f0-8f67-4201-90ec-126619d72f5d"
  referenceNo: "95"
  orderId: "7b70ebb0-176f-4cea-a8b6-d3ea3a28ee85"
2023-03-30 * "Bill #162 SALARY 23年3月"
  referenceNo: "162"
  orderId: "0bb8e72e-3fb4-47f2-867e-41e6ce949470"
  type: "Bill"
  Expenses:GeneralExpense:WagesAndSalaries 67770.00 HKD
  qty: "1"
  description: "SALARY 23年3月"
  referenceNo: "162"
  orderId: "0bb8e72e-3fb4-47f2-867e-41e6ce949470"
  type: "Bill Item"
  sourceId: "42dc107a-928a-427f-8224-2d2df9bc6dca"
  Liabilities:CurrentLiabilities:AccountPayable
  referenceNo: "162"
  orderId: "0bb8e72e-3fb4-47f2-867e-41e6ce949470"
  type: "Bill"
  sourceId: "0bb8e72e-3fb4-47f2-867e-41e6ce949470"
  contact: "880 806 ()"
2023-03-30 * "880 806 () [53b8789a-4451-4a1f-84f7-a9c5da7ada1a]" "Bill Payment for Bill #162 #4c0cce86-0db9-4c2c-885f-b914c610ab59"
  Liabilities:CurrentLiabilities:AccountPayable 67770.00 HKD
  contact: "880 806 () [53b8789a-4451-4a1f-84f7-a9c5da7ada1a]"
  type: "Bill Payment"
  sourceId: "4c0cce86-0db9-4c2c-885f-b914c610ab59"
  referenceNo: "162"
  orderId: "0bb8e72e-3fb4-47f2-867e-41e6ce949470"
  Assets:CurrentAssets:Bank:BocSavingBank -67770.00 HKD
  type: "Bill Payment"
  sourceId: "4c0cce86-0db9-4c2c-885f-b914c610ab59"
  referenceNo: "162"
  orderId: "0bb8e72e-3fb4-47f2-867e-41e6ce949470"
2023-03-30 * "Bill #471 CHATFUEL"
  referenceNo: "471"
  orderId: "ed6f4634-4f21-450e-a459-d0fbcb6093a2"
  type: "Bill"
  Expenses:GeneralExpense:WebErpDev 240.10 HKD
  qty: "1"
  description: "CHATFUEL USD30 @8.0033333"
  referenceNo: "471"
  orderId: "ed6f4634-4f21-450e-a459-d0fbcb6093a2"
  type: "Bill Item"
  sourceId: "19dc98d6-57b8-4368-b0d2-8a991fee4c2a"
  Liabilities:CurrentLiabilities:AccountPayable
  referenceNo: "471"
  orderId: "ed6f4634-4f21-450e-a459-d0fbcb6093a2"
  type: "Bill"
  sourceId: "ed6f4634-4f21-450e-a459-d0fbcb6093a2"
  contact: "880 806 ()"
2023-03-30 * "880 806 () [53b8789a-4451-4a1f-84f7-a9c5da7ada1a]" "Bill Payment for Bill #471 #a3876b03-4d14-47f7-99f1-d4c36f563923"
  Liabilities:CurrentLiabilities:AccountPayable 240.10 HKD
  contact: "880 806 () [53b8789a-4451-4a1f-84f7-a9c5da7ada1a]"
  type: "Bill Payment"
  sourceId: "a3876b03-4d14-47f7-99f1-d4c36f563923"
  referenceNo: "471"
  orderId: "ed6f4634-4f21-450e-a459-d0fbcb6093a2"
  Assets:CurrentAssets:Bank:BocVisaCard-DavidBank -240.10 HKD
  type: "Bill Payment"
  sourceId: "a3876b03-4d14-47f7-99f1-d4c36f563923"
  referenceNo: "471"
  orderId: "ed6f4634-4f21-450e-a459-d0fbcb6093a2"
2023-03-31 * "Invoice #29 INTEREST"
  Income:OtherIncome:Interest-bank -42.58 HKD
  description: "interest"
  qty: 1
  referenceNo: "29"
  orderId: "687bc900-72fe-4c3e-90a5-4638d393ce44"
  type: "Invoice Item"
  sourceId: "2fd32d9c-c583-4761-8f0f-9b182201fe46"
  Assets:CurrentAssets:AccountReceivable
  referenceNo: "29"
  orderId: "687bc900-72fe-4c3e-90a5-4638d393ce44"
  type: "Invoice"
  sourceId: "687bc900-72fe-4c3e-90a5-4638d393ce44"
  contact: "998 12345835 (boc(bankofchina)) [82f385a7-d238-4826-9a12-e06648f93cdb]"
2023-03-31 * "Invoice #812 Stock & COGS Adjustment"
  Assets:CurrentAssets:ShopInventory:Jewelry -0.00 HKD
  category: "Other"
  sku: "Processing 019"
  qty: 1
  referenceNo: "812"
  orderId: "dd9f6ada-863c-43ea-b2af-e63eeb4d8b50"
  type: "Invoice Item"
  sourceId: "f1b3a455-2e75-4e1e-8a48-a2dff48eb5a3"
  Assets:CurrentAssets:ShopInventory:Jewelry -0.00 HKD
  category: "Other"
  sku: "Processing 023"
  qty: 1
  referenceNo: "812"
  orderId: "dd9f6ada-863c-43ea-b2af-e63eeb4d8b50"
  type: "Invoice Item"
  sourceId: "52b48cdd-c1d6-4b02-9e53-47a9dbc73dfc"
  Assets:CurrentAssets:ShopInventory:Jewelry -0.00 HKD
  category: "Other"
  sku: "Processing 025"
  qty: 1
  referenceNo: "812"
  orderId: "dd9f6ada-863c-43ea-b2af-e63eeb4d8b50"
  type: "Invoice Item"
  sourceId: "d980599d-6db1-4412-9a76-159955b3d8ac"
  Assets:CurrentAssets:ShopInventory:Jewelry -0.00 HKD
  category: "Other"
  sku: "Processing 020"
  qty: 1
  referenceNo: "812"
  orderId: "dd9f6ada-863c-43ea-b2af-e63eeb4d8b50"
  type: "Invoice Item"
  sourceId: "265209d3-a80c-4b34-882d-ead2d413b539"
  Assets:CurrentAssets:ShopInventory:Jewelry -0.00 HKD
  category: "Other"
  sku: "Processing 015"
  qty: 1
  referenceNo: "812"
  orderId: "dd9f6ada-863c-43ea-b2af-e63eeb4d8b50"
  type: "Invoice Item"
  sourceId: "d4326f4b-c9da-4ef2-9cbe-d06b5fcf55d0"
  Assets:CurrentAssets:ShopInventory:Jewelry -0.00 HKD
  category: "Other"
  sku: "Processing 010"
  qty: 1
  referenceNo: "812"
  orderId: "dd9f6ada-863c-43ea-b2af-e63eeb4d8b50"
  type: "Invoice Item"
  sourceId: "38d84027-9c1e-490a-bfbb-93cc3b24343a"
  Assets:CurrentAssets:ShopInventory:Jewelry -0.00 HKD
  category: "Other"
  sku: "Processing 036"
  qty: 1
  referenceNo: "812"
  orderId: "dd9f6ada-863c-43ea-b2af-e63eeb4d8b50"
  type: "Invoice Item"
  sourceId: "1cc0c261-ed39-44ad-96b6-acac6e393ae9"
  Assets:CurrentAssets:AccountReceivable
  referenceNo: "812"
  orderId: "dd9f6ada-863c-43ea-b2af-e63eeb4d8b50"
  type: "Invoice"
  sourceId: "dd9f6ada-863c-43ea-b2af-e63eeb4d8b50"
  contact: "998 0000000001 (BadDebt/otheradjustment) [aa36b528-fbf4-4676-93f7-6aaafc481df7]"
2023-03-31 * "Assets:CurrentAssets:Bank:BocSavingBank" "Invoice Payment for Invoice #29 #d75a1d05-f748-4170-92ae-1e0a4e6cf2c6"
  Assets:CurrentAssets:Bank:BocSavingBank 42.58 HKD
  type: "Invoice Payment"
  sourceId: "d75a1d05-f748-4170-92ae-1e0a4e6cf2c6"
  referenceNo: "29"
  orderId: "687bc900-72fe-4c3e-90a5-4638d393ce44"
  Assets:CurrentAssets:AccountReceivable -42.58 HKD
  type: "Invoice Payment"
  sourceId: "d75a1d05-f748-4170-92ae-1e0a4e6cf2c6"
  referenceNo: "29"
  orderId: "687bc900-72fe-4c3e-90a5-4638d393ce44"
  contact: "998 12345835 (boc(bankofchina)) [82f385a7-d238-4826-9a12-e06648f93cdb]"
2023-03-31 * "998 12345767 (SkyHighHoldingsGroupLtd) [efdca012-5d6e-4361-8ec7-f5566615d58a]" "Bill Payment for Bill #326 #a531de2c-8394-47cb-9d1b-e0607148d9e0"
  Liabilities:CurrentLiabilities:AccountPayable 29415.00 HKD
  contact: "998 12345767 (SkyHighHoldingsGroupLtd) [efdca012-5d6e-4361-8ec7-f5566615d58a]"
  type: "Bill Payment"
  sourceId: "a531de2c-8394-47cb-9d1b-e0607148d9e0"
  referenceNo: "326"
  orderId: "b495c3de-312d-4322-9150-d4b07b055616"
  Assets:CurrentAssets:TradeDeposit:TradeDeposit-SkyhighHoldingsGroupLtd -29415.00 HKD
  type: "Bill Payment"
  sourceId: "a531de2c-8394-47cb-9d1b-e0607148d9e0"
  referenceNo: "326"
  orderId: "b495c3de-312d-4322-9150-d4b07b055616"
2023-03-31 * "Invoice #3 INTEREST"
  Income:OtherIncome:Interest-bank -0.97 USD
  description: "INTEREST"
  qty: 1
  referenceNo: "3"
  orderId: "6ab38102-b992-4d67-b72f-89b9ba660085"
  type: "Invoice Item"
  sourceId: "f85422a7-997b-4e2e-8c11-cf67f881850d"
  Assets:CurrentAssets:AccountReceivable
  referenceNo: "3"
  orderId: "6ab38102-b992-4d67-b72f-89b9ba660085"
  type: "Invoice"
  sourceId: "6ab38102-b992-4d67-b72f-89b9ba660085"
  contact: "998 12345835 (boc(bankofchina)) [82f385a7-d238-4826-9a12-e06648f93cdb]"
2023-03-31 * "Assets:CurrentAssets:Bank:BocForeignBank" "Invoice Payment for Invoice #3 #0979e0bd-ba7a-45f1-8cdb-eb4e21d2f9ea"
  Assets:CurrentAssets:Bank:BocForeignBank 0.97 USD
  type: "Invoice Payment"
  sourceId: "0979e0bd-ba7a-45f1-8cdb-eb4e21d2f9ea"
  referenceNo: "3"
  orderId: "6ab38102-b992-4d67-b72f-89b9ba660085"
  Assets:CurrentAssets:AccountReceivable -0.97 USD
  type: "Invoice Payment"
  sourceId: "0979e0bd-ba7a-45f1-8cdb-eb4e21d2f9ea"
  referenceNo: "3"
  orderId: "6ab38102-b992-4d67-b72f-89b9ba660085"
  contact: "998 12345835 (boc(bankofchina)) [82f385a7-d238-4826-9a12-e06648f93cdb]"
2023-03-31 * "998 12345767 (SkyHighHoldingsGroupLtd) [efdca012-5d6e-4361-8ec7-f5566615d58a]" "Bill Payment for Bill #93 #1c5352e4-0be5-4abc-90a0-3a2f4bb76b03"
  Liabilities:CurrentLiabilities:AccountPayable 3656.00 HKD
  contact: "998 12345767 (SkyHighHoldingsGroupLtd) [efdca012-5d6e-4361-8ec7-f5566615d58a]"
  type: "Bill Payment"
  sourceId: "1c5352e4-0be5-4abc-90a0-3a2f4bb76b03"
  referenceNo: "93"
  orderId: "9109ae9d-fd2c-4964-8091-fd32ddb4bc39"
  Assets:CurrentAssets:TradeDeposit:TradeDeposit-SkyhighHoldingsGroupLtd -3656.00 HKD
  type: "Bill Payment"
  sourceId: "1c5352e4-0be5-4abc-90a0-3a2f4bb76b03"
  referenceNo: "93"
  orderId: "9109ae9d-fd2c-4964-8091-fd32ddb4bc39"
2023-03-31 * "998 12345767 (SkyHighHoldingsGroupLtd) [efdca012-5d6e-4361-8ec7-f5566615d58a]" "Bill Payment for Bill #85 #659c31c7-aef5-4cd0-b129-fca4df7caffa"
  Liabilities:CurrentLiabilities:AccountPayable 191799.00 HKD
  contact: "998 12345767 (SkyHighHoldingsGroupLtd) [efdca012-5d6e-4361-8ec7-f5566615d58a]"
  type: "Bill Payment"
  sourceId: "659c31c7-aef5-4cd0-b129-fca4df7caffa"
  referenceNo: "85"
  orderId: "447c4767-c059-4666-b41a-5e6b1f00f042"
  Assets:CurrentAssets:TradeDeposit:TradeDeposit-SkyhighHoldingsGroupLtd -191799.00 HKD
  type: "Bill Payment"
  sourceId: "659c31c7-aef5-4cd0-b129-fca4df7caffa"
  referenceNo: "85"
  orderId: "447c4767-c059-4666-b41a-5e6b1f00f042"
2023-03-31 * "998 12345767 (SkyHighHoldingsGroupLtd) [efdca012-5d6e-4361-8ec7-f5566615d58a]" "Bill Payment for Bill #86 #79cfd32c-dc91-4793-a071-d4bcc58881b6"
  Liabilities:CurrentLiabilities:AccountPayable 82720.00 HKD
  contact: "998 12345767 (SkyHighHoldingsGroupLtd) [efdca012-5d6e-4361-8ec7-f5566615d58a]"
  type: "Bill Payment"
  sourceId: "79cfd32c-dc91-4793-a071-d4bcc58881b6"
  referenceNo: "86"
  orderId: "25307f18-5a82-4229-af9b-0f0e94220edf"
  Assets:CurrentAssets:TradeDeposit:TradeDeposit-SkyhighHoldingsGroupLtd -82720.00 HKD
  type: "Bill Payment"
  sourceId: "79cfd32c-dc91-4793-a071-d4bcc58881b6"
  referenceNo: "86"
  orderId: "25307f18-5a82-4229-af9b-0f0e94220edf"
2023-03-31 * "998 12345767 (SkyHighHoldingsGroupLtd) [efdca012-5d6e-4361-8ec7-f5566615d58a]" "Bill Payment for Bill #2 #e5065fe1-dc6d-41c2-92d8-0afa49ccbd8a"
  Liabilities:CurrentLiabilities:AccountPayable 54690.00 HKD
  contact: "998 12345767 (SkyHighHoldingsGroupLtd) [efdca012-5d6e-4361-8ec7-f5566615d58a]"
  type: "Bill Payment"
  sourceId: "e5065fe1-dc6d-41c2-92d8-0afa49ccbd8a"
  referenceNo: "2"
  orderId: "1011a30d-7524-4022-b2c9-fe8bb66252a7"
  Assets:CurrentAssets:TradeDeposit:TradeDeposit-SkyhighHoldingsGroupLtd -54690.00 HKD
  type: "Bill Payment"
  sourceId: "e5065fe1-dc6d-41c2-92d8-0afa49ccbd8a"
  referenceNo: "2"
  orderId: "1011a30d-7524-4022-b2c9-fe8bb66252a7"
2023-03-31 * "998 12345767 (SkyHighHoldingsGroupLtd) [efdca012-5d6e-4361-8ec7-f5566615d58a]" "Bill Payment for Bill #587 #1af87b37-7998-4db7-8f33-cdb15ca5923f"
  Liabilities:CurrentLiabilities:AccountPayable 40354.00 HKD
  contact: "998 12345767 (SkyHighHoldingsGroupLtd) [efdca012-5d6e-4361-8ec7-f5566615d58a]"
  type: "Bill Payment"
  sourceId: "1af87b37-7998-4db7-8f33-cdb15ca5923f"
  referenceNo: "587"
  orderId: "900aec0e-07f9-422f-80c8-9ccb67fe7908"
  Assets:CurrentAssets:TradeDeposit:TradeDeposit-SkyhighHoldingsGroupLtd -40354.00 HKD
  type: "Bill Payment"
  sourceId: "1af87b37-7998-4db7-8f33-cdb15ca5923f"
  referenceNo: "587"
  orderId: "900aec0e-07f9-422f-80c8-9ccb67fe7908"
2023-03-31 * "998 12345767 (SkyHighHoldingsGroupLtd) [efdca012-5d6e-4361-8ec7-f5566615d58a]" "Bill Payment for Bill #337 #425b9d5e-682b-4d3c-9f21-78e9d426aa58"
  Liabilities:CurrentLiabilities:AccountPayable 45133.00 HKD
  contact: "998 12345767 (SkyHighHoldingsGroupLtd) [efdca012-5d6e-4361-8ec7-f5566615d58a]"
  type: "Bill Payment"
  sourceId: "425b9d5e-682b-4d3c-9f21-78e9d426aa58"
  referenceNo: "337"
  orderId: "03462648-0017-40c7-b51e-23d5071e8e51"
  Assets:CurrentAssets:TradeDeposit:TradeDeposit-SkyhighHoldingsGroupLtd -45133.00 HKD
  type: "Bill Payment"
  sourceId: "425b9d5e-682b-4d3c-9f21-78e9d426aa58"
  referenceNo: "337"
  orderId: "03462648-0017-40c7-b51e-23d5071e8e51"
2023-03-31 * "998 12345767 (SkyHighHoldingsGroupLtd) [efdca012-5d6e-4361-8ec7-f5566615d58a]" "Bill Payment for Bill #5 #5f9dbd24-a7da-4781-a4fe-8a7fb3ca1ab5"
  Liabilities:CurrentLiabilities:AccountPayable 5500.00 HKD
  contact: "998 12345767 (SkyHighHoldingsGroupLtd) [efdca012-5d6e-4361-8ec7-f5566615d58a]"
  type: "Bill Payment"
  sourceId: "5f9dbd24-a7da-4781-a4fe-8a7fb3ca1ab5"
  referenceNo: "5"
  orderId: "d8316c2c-f6be-44cd-a017-b608cdfdb57c"
  Assets:CurrentAssets:TradeDeposit:TradeDeposit-SkyhighHoldingsGroupLtd -5500.00 HKD
  type: "Bill Payment"
  sourceId: "5f9dbd24-a7da-4781-a4fe-8a7fb3ca1ab5"
  referenceNo: "5"
  orderId: "d8316c2c-f6be-44cd-a017-b608cdfdb57c"
2023-03-31 * "998 12345767 (SkyHighHoldingsGroupLtd) [efdca012-5d6e-4361-8ec7-f5566615d58a]" "Bill Payment for Bill #12 #3d291008-6d93-40dd-9903-c0b0bed8b365"
  Liabilities:CurrentLiabilities:AccountPayable 80421.00 HKD
  contact: "998 12345767 (SkyHighHoldingsGroupLtd) [efdca012-5d6e-4361-8ec7-f5566615d58a]"
  type: "Bill Payment"
  sourceId: "3d291008-6d93-40dd-9903-c0b0bed8b365"
  referenceNo: "12"
  orderId: "3da5072d-4e5b-4f7f-b7bd-ff43ae393067"
  Assets:CurrentAssets:TradeDeposit:TradeDeposit-SkyhighHoldingsGroupLtd -80421.00 HKD
  type: "Bill Payment"
  sourceId: "3d291008-6d93-40dd-9903-c0b0bed8b365"
  referenceNo: "12"
  orderId: "3da5072d-4e5b-4f7f-b7bd-ff43ae393067"
2023-03-31 * "998 12345767 (SkyHighHoldingsGroupLtd) [efdca012-5d6e-4361-8ec7-f5566615d58a]" "Bill Payment for Bill #231 #1b9c3693-b178-42ee-a7b7-77686593cd9f"
  Liabilities:CurrentLiabilities:AccountPayable 28025.00 HKD
  contact: "998 12345767 (SkyHighHoldingsGroupLtd) [efdca012-5d6e-4361-8ec7-f5566615d58a]"
  type: "Bill Payment"
  sourceId: "1b9c3693-b178-42ee-a7b7-77686593cd9f"
  referenceNo: "231"
  orderId: "ac504521-15f6-40e1-b934-8d30a61655dd"
  Assets:CurrentAssets:TradeDeposit:TradeDeposit-SkyhighHoldingsGroupLtd -28025.00 HKD
  type: "Bill Payment"
  sourceId: "1b9c3693-b178-42ee-a7b7-77686593cd9f"
  referenceNo: "231"
  orderId: "ac504521-15f6-40e1-b934-8d30a61655dd"
2023-03-31 * "998 12345767 (SkyHighHoldingsGroupLtd) [efdca012-5d6e-4361-8ec7-f5566615d58a]" "Bill Payment for Bill #623 #3803243e-5e76-40d1-bb62-5814b5fd2308"
  Liabilities:CurrentLiabilities:AccountPayable 2484.00 HKD
  contact: "998 12345767 (SkyHighHoldingsGroupLtd) [efdca012-5d6e-4361-8ec7-f5566615d58a]"
  type: "Bill Payment"
  sourceId: "3803243e-5e76-40d1-bb62-5814b5fd2308"
  referenceNo: "623"
  orderId: "66b5b952-fbf7-4f7c-b719-a7c2e34b014c"
  Assets:CurrentAssets:TradeDeposit:TradeDeposit-SkyhighHoldingsGroupLtd -2484.00 HKD
  type: "Bill Payment"
  sourceId: "3803243e-5e76-40d1-bb62-5814b5fd2308"
  referenceNo: "623"
  orderId: "66b5b952-fbf7-4f7c-b719-a7c2e34b014c"
2023-03-31 * "998 12345767 (SkyHighHoldingsGroupLtd) [efdca012-5d6e-4361-8ec7-f5566615d58a]" "Bill Payment for Bill #317 #c0e55293-ffb8-400e-8053-c317c24a807c"
  Liabilities:CurrentLiabilities:AccountPayable 1489.00 HKD
  contact: "998 12345767 (SkyHighHoldingsGroupLtd) [efdca012-5d6e-4361-8ec7-f5566615d58a]"
  type: "Bill Payment"
  sourceId: "c0e55293-ffb8-400e-8053-c317c24a807c"
  referenceNo: "317"
  orderId: "c859872d-4118-401a-82a2-6105e4f400f7"
  Assets:CurrentAssets:TradeDeposit:TradeDeposit-SkyhighHoldingsGroupLtd -1489.00 HKD
  type: "Bill Payment"
  sourceId: "c0e55293-ffb8-400e-8053-c317c24a807c"
  referenceNo: "317"
  orderId: "c859872d-4118-401a-82a2-6105e4f400f7"
2023-03-31 * "998 12345767 (SkyHighHoldingsGroupLtd) [efdca012-5d6e-4361-8ec7-f5566615d58a]" "Bill Payment for Bill #325 #73fccb56-36ae-44d8-beea-43eb45d7d029"
  Liabilities:CurrentLiabilities:AccountPayable 1982.00 HKD
  contact: "998 12345767 (SkyHighHoldingsGroupLtd) [efdca012-5d6e-4361-8ec7-f5566615d58a]"
  type: "Bill Payment"
  sourceId: "73fccb56-36ae-44d8-beea-43eb45d7d029"
  referenceNo: "325"
  orderId: "bfe50b71-4ca9-4e8e-8d0f-c0786c3a2112"
  Assets:CurrentAssets:TradeDeposit:TradeDeposit-SkyhighHoldingsGroupLtd -1982.00 HKD
  type: "Bill Payment"
  sourceId: "73fccb56-36ae-44d8-beea-43eb45d7d029"
  referenceNo: "325"
  orderId: "bfe50b71-4ca9-4e8e-8d0f-c0786c3a2112"
2023-03-31 * "998 12345767 (SkyHighHoldingsGroupLtd) [efdca012-5d6e-4361-8ec7-f5566615d58a]" "Bill Payment for Bill #149 #052d20f4-5643-4324-8541-8b2e0f0c2a92"
  Liabilities:CurrentLiabilities:AccountPayable 1726.00 HKD
  contact: "998 12345767 (SkyHighHoldingsGroupLtd) [efdca012-5d6e-4361-8ec7-f5566615d58a]"
  type: "Bill Payment"
  sourceId: "052d20f4-5643-4324-8541-8b2e0f0c2a92"
  referenceNo: "149"
  orderId: "97f769cf-41a7-42cf-90ff-124e52528ce0"
  Assets:CurrentAssets:TradeDeposit:TradeDeposit-SkyhighHoldingsGroupLtd -1726.00 HKD
  type: "Bill Payment"
  sourceId: "052d20f4-5643-4324-8541-8b2e0f0c2a92"
  referenceNo: "149"
  orderId: "97f769cf-41a7-42cf-90ff-124e52528ce0"
2023-03-31 * "998 12345767 (SkyHighHoldingsGroupLtd) [efdca012-5d6e-4361-8ec7-f5566615d58a]" "Bill Payment for Bill #148 #2fc9eca3-086d-486a-af15-47d566078d33"
  Liabilities:CurrentLiabilities:AccountPayable 200.00 HKD
  contact: "998 12345767 (SkyHighHoldingsGroupLtd) [efdca012-5d6e-4361-8ec7-f5566615d58a]"
  type: "Bill Payment"
  sourceId: "2fc9eca3-086d-486a-af15-47d566078d33"
  referenceNo: "148"
  orderId: "0500f5ff-9558-4b72-a666-28c807111f1d"
  Assets:CurrentAssets:TradeDeposit:TradeDeposit-SkyhighHoldingsGroupLtd -200.00 HKD
  type: "Bill Payment"
  sourceId: "2fc9eca3-086d-486a-af15-47d566078d33"
  referenceNo: "148"
  orderId: "0500f5ff-9558-4b72-a666-28c807111f1d"
2023-03-31 * "998 12345767 (SkyHighHoldingsGroupLtd) [efdca012-5d6e-4361-8ec7-f5566615d58a]" "Bill Payment for Bill #614 #679c3467-81a0-497f-af64-1dcbc8192fbd"
  Liabilities:CurrentLiabilities:AccountPayable 15995.00 HKD
  contact: "998 12345767 (SkyHighHoldingsGroupLtd) [efdca012-5d6e-4361-8ec7-f5566615d58a]"
  type: "Bill Payment"
  sourceId: "679c3467-81a0-497f-af64-1dcbc8192fbd"
  referenceNo: "614"
  orderId: "662096c4-ba18-442d-ba83-be005eadcb07"
  Assets:CurrentAssets:TradeDeposit:TradeDeposit-SkyhighHoldingsGroupLtd -15995.00 HKD
  type: "Bill Payment"
  sourceId: "679c3467-81a0-497f-af64-1dcbc8192fbd"
  referenceNo: "614"
  orderId: "662096c4-ba18-442d-ba83-be005eadcb07"
2023-03-31 * "998 12345767 (SkyHighHoldingsGroupLtd) [efdca012-5d6e-4361-8ec7-f5566615d58a]" "Bill Payment for Bill #290 #a47d48bf-8b2f-4296-9652-7721454ef1ed"
  Liabilities:CurrentLiabilities:AccountPayable 1891.00 HKD
  contact: "998 12345767 (SkyHighHoldingsGroupLtd) [efdca012-5d6e-4361-8ec7-f5566615d58a]"
  type: "Bill Payment"
  sourceId: "a47d48bf-8b2f-4296-9652-7721454ef1ed"
  referenceNo: "290"
  orderId: "9ebaae3c-d424-4e10-bced-012cdac83ff9"
  Assets:CurrentAssets:TradeDeposit:TradeDeposit-SkyhighHoldingsGroupLtd -1891.00 HKD
  type: "Bill Payment"
  sourceId: "a47d48bf-8b2f-4296-9652-7721454ef1ed"
  referenceNo: "290"
  orderId: "9ebaae3c-d424-4e10-bced-012cdac83ff9"
2023-03-31 * "998 12345767 (SkyHighHoldingsGroupLtd) [efdca012-5d6e-4361-8ec7-f5566615d58a]" "Bill Payment for Bill #6 #e279b013-37d0-4d03-9513-3284389a30b5"
  Liabilities:CurrentLiabilities:AccountPayable 1891.00 HKD
  contact: "998 12345767 (SkyHighHoldingsGroupLtd) [efdca012-5d6e-4361-8ec7-f5566615d58a]"
  type: "Bill Payment"
  sourceId: "e279b013-37d0-4d03-9513-3284389a30b5"
  referenceNo: "6"
  orderId: "7bdcbed9-674f-49e3-8e80-506a26f16564"
  Assets:CurrentAssets:TradeDeposit:TradeDeposit-SkyhighHoldingsGroupLtd -1891.00 HKD
  type: "Bill Payment"
  sourceId: "e279b013-37d0-4d03-9513-3284389a30b5"
  referenceNo: "6"
  orderId: "7bdcbed9-674f-49e3-8e80-506a26f16564"
2023-03-31 * "998 12345767 (SkyHighHoldingsGroupLtd) [efdca012-5d6e-4361-8ec7-f5566615d58a]" "Bill Payment for Bill #309 #f33f9e06-17e9-40d3-b5aa-300bd61e32eb"
  Liabilities:CurrentLiabilities:AccountPayable 1768.00 HKD
  contact: "998 12345767 (SkyHighHoldingsGroupLtd) [efdca012-5d6e-4361-8ec7-f5566615d58a]"
  type: "Bill Payment"
  sourceId: "f33f9e06-17e9-40d3-b5aa-300bd61e32eb"
  referenceNo: "309"
  orderId: "50ab233e-d174-4ca1-9e12-e5751fd89440"
  Assets:CurrentAssets:TradeDeposit:TradeDeposit-SkyhighHoldingsGroupLtd -1768.00 HKD
  type: "Bill Payment"
  sourceId: "f33f9e06-17e9-40d3-b5aa-300bd61e32eb"
  referenceNo: "309"
  orderId: "50ab233e-d174-4ca1-9e12-e5751fd89440"
2023-03-31 * "998 12345767 (SkyHighHoldingsGroupLtd) [efdca012-5d6e-4361-8ec7-f5566615d58a]" "Bill Payment for Bill #322 #a034f906-7822-41f7-bc6c-e150f100e98c"
  Liabilities:CurrentLiabilities:AccountPayable 200.00 HKD
  contact: "998 12345767 (SkyHighHoldingsGroupLtd) [efdca012-5d6e-4361-8ec7-f5566615d58a]"
  type: "Bill Payment"
  sourceId: "a034f906-7822-41f7-bc6c-e150f100e98c"
  referenceNo: "322"
  orderId: "c80290d5-a8cb-42db-a152-e15069e55991"
  Assets:CurrentAssets:TradeDeposit:TradeDeposit-SkyhighHoldingsGroupLtd -200.00 HKD
  type: "Bill Payment"
  sourceId: "a034f906-7822-41f7-bc6c-e150f100e98c"
  referenceNo: "322"
  orderId: "c80290d5-a8cb-42db-a152-e15069e55991"
2023-03-31 * "998 12345767 (SkyHighHoldingsGroupLtd) [efdca012-5d6e-4361-8ec7-f5566615d58a]" "Bill Payment for Bill #323 #e7c87a92-6cb1-44b6-a0b7-f8ab4aab9b86"
  Liabilities:CurrentLiabilities:AccountPayable 150.00 HKD
  contact: "998 12345767 (SkyHighHoldingsGroupLtd) [efdca012-5d6e-4361-8ec7-f5566615d58a]"
  type: "Bill Payment"
  sourceId: "e7c87a92-6cb1-44b6-a0b7-f8ab4aab9b86"
  referenceNo: "323"
  orderId: "f756a28b-701d-4224-b7b1-8c6754acae08"
  Assets:CurrentAssets:TradeDeposit:TradeDeposit-SkyhighHoldingsGroupLtd -150.00 HKD
  type: "Bill Payment"
  sourceId: "e7c87a92-6cb1-44b6-a0b7-f8ab4aab9b86"
  referenceNo: "323"
  orderId: "f756a28b-701d-4224-b7b1-8c6754acae08"
2023-03-31 * "998 12345767 (SkyHighHoldingsGroupLtd) [efdca012-5d6e-4361-8ec7-f5566615d58a]" "Bill Payment for Bill #550 #da29d580-4883-4642-9637-fa7e440ceda3"
  Liabilities:CurrentLiabilities:AccountPayable 2063.00 HKD
  contact: "998 12345767 (SkyHighHoldingsGroupLtd) [efdca012-5d6e-4361-8ec7-f5566615d58a]"
  type: "Bill Payment"
  sourceId: "da29d580-4883-4642-9637-fa7e440ceda3"
  referenceNo: "550"
  orderId: "e52d185d-4296-4307-8c8b-c86c31f8a4b4"
  Assets:CurrentAssets:TradeDeposit:TradeDeposit-SkyhighHoldingsGroupLtd -2063.00 HKD
  type: "Bill Payment"
  sourceId: "da29d580-4883-4642-9637-fa7e440ceda3"
  referenceNo: "550"
  orderId: "e52d185d-4296-4307-8c8b-c86c31f8a4b4"
2023-03-31 * "998 12345767 (SkyHighHoldingsGroupLtd) [efdca012-5d6e-4361-8ec7-f5566615d58a]" "Bill Payment for Bill #588 #f15e5865-7d5b-4f26-9014-14e3c73fe06e"
  Liabilities:CurrentLiabilities:AccountPayable 500.00 HKD
  contact: "998 12345767 (SkyHighHoldingsGroupLtd) [efdca012-5d6e-4361-8ec7-f5566615d58a]"
  type: "Bill Payment"
  sourceId: "f15e5865-7d5b-4f26-9014-14e3c73fe06e"
  referenceNo: "588"
  orderId: "a4c48b74-bde9-48dc-920b-2acb1348d951"
  Assets:CurrentAssets:TradeDeposit:TradeDeposit-SkyhighHoldingsGroupLtd -500.00 HKD
  type: "Bill Payment"
  sourceId: "f15e5865-7d5b-4f26-9014-14e3c73fe06e"
  referenceNo: "588"
  orderId: "a4c48b74-bde9-48dc-920b-2acb1348d951"
2023-03-31 * "998 12345767 (SkyHighHoldingsGroupLtd) [efdca012-5d6e-4361-8ec7-f5566615d58a]" "Bill Payment for Bill #628 #beaac6ed-0592-400a-adbe-9de4430acd10"
  Liabilities:CurrentLiabilities:AccountPayable 350.00 HKD
  contact: "998 12345767 (SkyHighHoldingsGroupLtd) [efdca012-5d6e-4361-8ec7-f5566615d58a]"
  type: "Bill Payment"
  sourceId: "beaac6ed-0592-400a-adbe-9de4430acd10"
  referenceNo: "628"
  orderId: "8151ee68-3a50-43bc-8a37-4c1b7405dc2f"
  Assets:CurrentAssets:TradeDeposit:TradeDeposit-SkyhighHoldingsGroupLtd -350.00 HKD
  type: "Bill Payment"
  sourceId: "beaac6ed-0592-400a-adbe-9de4430acd10"
  referenceNo: "628"
  orderId: "8151ee68-3a50-43bc-8a37-4c1b7405dc2f"
2023-03-31 * "998 12345767 (SkyHighHoldingsGroupLtd) [efdca012-5d6e-4361-8ec7-f5566615d58a]" "Bill Payment for Bill #597 #d0b4d948-ed8b-4d77-8a93-d918c9a44449"
  Liabilities:CurrentLiabilities:AccountPayable 350.00 HKD
  contact: "998 12345767 (SkyHighHoldingsGroupLtd) [efdca012-5d6e-4361-8ec7-f5566615d58a]"
  type: "Bill Payment"
  sourceId: "d0b4d948-ed8b-4d77-8a93-d918c9a44449"
  referenceNo: "597"
  orderId: "dabdaaf2-ab79-441b-a9ef-da002fb4705a"
  Assets:CurrentAssets:TradeDeposit:TradeDeposit-SkyhighHoldingsGroupLtd -350.00 HKD
  type: "Bill Payment"
  sourceId: "d0b4d948-ed8b-4d77-8a93-d918c9a44449"
  referenceNo: "597"
  orderId: "dabdaaf2-ab79-441b-a9ef-da002fb4705a"
2023-03-31 * "998 12345767 (SkyHighHoldingsGroupLtd) [efdca012-5d6e-4361-8ec7-f5566615d58a]" "Bill Payment for Bill #634 #b6d1484a-6a54-41c8-88de-9e124804adfd"
  Liabilities:CurrentLiabilities:AccountPayable 2281.00 HKD
  contact: "998 12345767 (SkyHighHoldingsGroupLtd) [efdca012-5d6e-4361-8ec7-f5566615d58a]"
  type: "Bill Payment"
  sourceId: "b6d1484a-6a54-41c8-88de-9e124804adfd"
  referenceNo: "634"
  orderId: "3516fecb-df96-4693-85a8-3deb51ac862c"
  Assets:CurrentAssets:TradeDeposit:TradeDeposit-SkyhighHoldingsGroupLtd -2281.00 HKD
  type: "Bill Payment"
  sourceId: "b6d1484a-6a54-41c8-88de-9e124804adfd"
  referenceNo: "634"
  orderId: "3516fecb-df96-4693-85a8-3deb51ac862c"
2023-03-31 * "998 12345767 (SkyHighHoldingsGroupLtd) [efdca012-5d6e-4361-8ec7-f5566615d58a]" "Bill Payment for Bill #319 #50310524-3772-4ede-8f81-2da1cd3459c5"
  Liabilities:CurrentLiabilities:AccountPayable 2225.00 HKD
  contact: "998 12345767 (SkyHighHoldingsGroupLtd) [efdca012-5d6e-4361-8ec7-f5566615d58a]"
  type: "Bill Payment"
  sourceId: "50310524-3772-4ede-8f81-2da1cd3459c5"
  referenceNo: "319"
  orderId: "b0b1f67e-da6f-41ca-9183-5725cd159fd5"
  Assets:CurrentAssets:TradeDeposit:TradeDeposit-SkyhighHoldingsGroupLtd -2225.00 HKD
  type: "Bill Payment"
  sourceId: "50310524-3772-4ede-8f81-2da1cd3459c5"
  referenceNo: "319"
  orderId: "b0b1f67e-da6f-41ca-9183-5725cd159fd5"
2023-03-31 * "998 12345767 (SkyHighHoldingsGroupLtd) [efdca012-5d6e-4361-8ec7-f5566615d58a]" "Bill Payment for Bill #320 #de9924f7-9415-4683-a0ae-18b5f1281b16"
  Liabilities:CurrentLiabilities:AccountPayable 3231.00 HKD
  contact: "998 12345767 (SkyHighHoldingsGroupLtd) [efdca012-5d6e-4361-8ec7-f5566615d58a]"
  type: "Bill Payment"
  sourceId: "de9924f7-9415-4683-a0ae-18b5f1281b16"
  referenceNo: "320"
  orderId: "b034f5c7-7ac3-446d-a0df-db59d27006a8"
  Assets:CurrentAssets:TradeDeposit:TradeDeposit-SkyhighHoldingsGroupLtd -3231.00 HKD
  type: "Bill Payment"
  sourceId: "de9924f7-9415-4683-a0ae-18b5f1281b16"
  referenceNo: "320"
  orderId: "b034f5c7-7ac3-446d-a0df-db59d27006a8"
2023-03-31 * "998 12345767 (SkyHighHoldingsGroupLtd) [efdca012-5d6e-4361-8ec7-f5566615d58a]" "Bill Payment for Bill #551 #c205d1dd-4b80-4633-8ff2-f33635909a47"
  Liabilities:CurrentLiabilities:AccountPayable 2096.00 HKD
  contact: "998 12345767 (SkyHighHoldingsGroupLtd) [efdca012-5d6e-4361-8ec7-f5566615d58a]"
  type: "Bill Payment"
  sourceId: "c205d1dd-4b80-4633-8ff2-f33635909a47"
  referenceNo: "551"
  orderId: "a159d2ac-d7e0-4b4e-a754-cff427d925f3"
  Assets:CurrentAssets:TradeDeposit:TradeDeposit-SkyhighHoldingsGroupLtd -2096.00 HKD
  type: "Bill Payment"
  sourceId: "c205d1dd-4b80-4633-8ff2-f33635909a47"
  referenceNo: "551"
  orderId: "a159d2ac-d7e0-4b4e-a754-cff427d925f3"
2023-03-31 * "998 12345767 (SkyHighHoldingsGroupLtd) [efdca012-5d6e-4361-8ec7-f5566615d58a]" "Bill Payment for Bill #627 #23e658c1-23a0-4679-9e49-963d17fffd02"
  Liabilities:CurrentLiabilities:AccountPayable 350.00 HKD
  contact: "998 12345767 (SkyHighHoldingsGroupLtd) [efdca012-5d6e-4361-8ec7-f5566615d58a]"
  type: "Bill Payment"
  sourceId: "23e658c1-23a0-4679-9e49-963d17fffd02"
  referenceNo: "627"
  orderId: "26dee097-e64c-4848-b1a2-66f896626e74"
  Assets:CurrentAssets:TradeDeposit:TradeDeposit-SkyhighHoldingsGroupLtd -350.00 HKD
  type: "Bill Payment"
  sourceId: "23e658c1-23a0-4679-9e49-963d17fffd02"
  referenceNo: "627"
  orderId: "26dee097-e64c-4848-b1a2-66f896626e74"