; ORDER transactions for 2023-06

2023-06-01 * "Bill #817 05/23 網頁設計費用 (JUSTIN / HAZEL)"
  referenceNo: "817"
  orderId: "995f3169-0403-4550-8a34-e8f234728d24"
  type: "Bill"
  Expenses:GeneralExpense:WebErpDev 17000.00 HKD
  qty: "1"
  description: "DKK 網頁設計05/23費用 - Frontend (Justin)"
  referenceNo: "817"
  orderId: "995f3169-0403-4550-8a34-e8f234728d24"
  type: "Bill Item"
  sourceId: "dc097a15-f439-4c81-b8d7-83f27195f082"
  Expenses:GeneralExpense:WebErpDev 16930.00 HKD
  qty: "1"
  description: "DKK 網頁設計05/23費用 - Web Design (Hazel)"
  referenceNo: "817"
  orderId: "995f3169-0403-4550-8a34-e8f234728d24"
  type: "Bill Item"
  sourceId: "539fd3df-884a-4f53-972f-34873728d2db"
  Liabilities:CurrentLiabilities:AccountPayable
  referenceNo: "817"
  orderId: "995f3169-0403-4550-8a34-e8f234728d24"
  type: "Bill"
  sourceId: "995f3169-0403-4550-8a34-e8f234728d24"
  contact: "880 806 () [53b8789a-4451-4a1f-84f7-a9c5da7ada1a]"
2023-06-01 * "880 806 () [53b8789a-4451-4a1f-84f7-a9c5da7ada1a]" "Bill Payment for Bill #817 #3653435a-2035-4cfb-9a8c-155290891579"
  Liabilities:CurrentLiabilities:AccountPayable 33930.00 HKD
  contact: "880 806 () [53b8789a-4451-4a1f-84f7-a9c5da7ada1a]"
  type: "Bill Payment"
  sourceId: "3653435a-2035-4cfb-9a8c-155290891579"
  referenceNo: "817"
  orderId: "995f3169-0403-4550-8a34-e8f234728d24"
  Liabilities:CurrentLiabilities:CurrentAccount:C-a-MilrichElectronicsHkCoLtd -33930.00 HKD
  type: "Bill Payment"
  sourceId: "3653435a-2035-4cfb-9a8c-155290891579"
  referenceNo: "817"
  orderId: "995f3169-0403-4550-8a34-e8f234728d24"
2023-06-01 * "880 806 () [53b8789a-4451-4a1f-84f7-a9c5da7ada1a]" "Bill Payment for Bill #1105 #fc85b36f-dc1b-4cc0-ae94-18e793d49205"
  Liabilities:CurrentLiabilities:AccountPayable 223.00 HKD
  contact: "880 806 () [53b8789a-4451-4a1f-84f7-a9c5da7ada1a]"
  type: "Bill Payment"
  sourceId: "fc85b36f-dc1b-4cc0-ae94-18e793d49205"
  referenceNo: "1105"
  orderId: "93c3d013-ee4b-4858-acc9-dbdd5e3a249b"
  Liabilities:CurrentLiabilities:CurrentAccount:C-a-MilrichElectronicsHkCoLtd -223.00 HKD
  type: "Bill Payment"
  sourceId: "fc85b36f-dc1b-4cc0-ae94-18e793d49205"
  referenceNo: "1105"
  orderId: "93c3d013-ee4b-4858-acc9-dbdd5e3a249b"
2023-06-01 * "Bill #520 小米旅行箱 X2."
  referenceNo: "520"
  orderId: "e61cf9ac-03e7-4571-a472-d9f94e71a253"
  type: "Bill"
  Expenses:GeneralExpense:GeneralExpensesDirect 542.86 HKD
  qty: "1"
  description: "小米旅行箱 X2."
  referenceNo: "520"
  orderId: "e61cf9ac-03e7-4571-a472-d9f94e71a253"
  type: "Bill Item"
  sourceId: "fda81aa7-25ad-4a44-8efc-839cca44700e"
  Liabilities:CurrentLiabilities:AccountPayable
  referenceNo: "520"
  orderId: "e61cf9ac-03e7-4571-a472-d9f94e71a253"
  type: "Bill"
  sourceId: "e61cf9ac-03e7-4571-a472-d9f94e71a253"
  contact: "880 806 () [53b8789a-4451-4a1f-84f7-a9c5da7ada1a]"
2023-06-01 * "Bill #506 紅色首飾架 ２單交易"
  referenceNo: "506"
  orderId: "38c7fc05-8762-429b-b519-496a008ea41a"
  type: "Bill"
  Expenses:GeneralExpense:GeneralExpensesDirect 1176.46 HKD
  qty: "1"
  description: "紅色首飾架 ２單交易"
  referenceNo: "506"
  orderId: "38c7fc05-8762-429b-b519-496a008ea41a"
  type: "Bill Item"
  sourceId: "61275914-0340-45d1-a8fc-1edfcf9c3614"
  Liabilities:CurrentLiabilities:AccountPayable
  referenceNo: "506"
  orderId: "38c7fc05-8762-429b-b519-496a008ea41a"
  type: "Bill"
  sourceId: "38c7fc05-8762-429b-b519-496a008ea41a"
  contact: "880 806 () [53b8789a-4451-4a1f-84f7-a9c5da7ada1a]"
2023-06-01 * "Bill #510 PU皮珠宝首饰盒"
  referenceNo: "510"
  orderId: "6923518b-f64e-42ef-87e0-585c610e2d9b"
  type: "Bill"
  Expenses:GeneralExpense:GeneralExpensesDirect 2692.54 HKD
  qty: "1"
  description: "PU皮珠宝首饰盒"
  referenceNo: "510"
  orderId: "6923518b-f64e-42ef-87e0-585c610e2d9b"
  type: "Bill Item"
  sourceId: "624f0645-ec6c-428c-bf6a-ecfac345462f"
  Liabilities:CurrentLiabilities:AccountPayable
  referenceNo: "510"
  orderId: "6923518b-f64e-42ef-87e0-585c610e2d9b"
  type: "Bill"
  sourceId: "6923518b-f64e-42ef-87e0-585c610e2d9b"
  contact: "880 806 () [53b8789a-4451-4a1f-84f7-a9c5da7ada1a]"
2023-06-01 * "Bill #511 简约红色蜡皮绳"
  referenceNo: "511"
  orderId: "1da98f17-b5e4-46c8-ba5b-0dbeb1781508"
  type: "Bill"
  Expenses:GeneralExpense:GeneralExpensesDirect 369.78 HKD
  qty: "1"
  description: "简约红色蜡皮绳"
  referenceNo: "511"
  orderId: "1da98f17-b5e4-46c8-ba5b-0dbeb1781508"
  type: "Bill Item"
  sourceId: "3768c16b-3d0f-42c6-8e4c-a7a160287b7d"
  Liabilities:CurrentLiabilities:AccountPayable
  referenceNo: "511"
  orderId: "1da98f17-b5e4-46c8-ba5b-0dbeb1781508"
  type: "Bill"
  sourceId: "1da98f17-b5e4-46c8-ba5b-0dbeb1781508"
  contact: "880 806 () [53b8789a-4451-4a1f-84f7-a9c5da7ada1a]"
2023-06-01 * "880 806 () [53b8789a-4451-4a1f-84f7-a9c5da7ada1a]" "Bill Payment for Bill #520 #aea3cf9f-6514-4ba9-869c-f0bcc8b128fc"
  Liabilities:CurrentLiabilities:AccountPayable 542.86 HKD
  contact: "880 806 () [53b8789a-4451-4a1f-84f7-a9c5da7ada1a]"
  type: "Bill Payment"
  sourceId: "aea3cf9f-6514-4ba9-869c-f0bcc8b128fc"
  referenceNo: "520"
  orderId: "e61cf9ac-03e7-4571-a472-d9f94e71a253"
  Assets:CurrentAssets:Bank:BocVisaCard-DavidBank -542.86 HKD
  type: "Bill Payment"
  sourceId: "aea3cf9f-6514-4ba9-869c-f0bcc8b128fc"
  referenceNo: "520"
  orderId: "e61cf9ac-03e7-4571-a472-d9f94e71a253"
2023-06-01 * "880 806 () [53b8789a-4451-4a1f-84f7-a9c5da7ada1a]" "Bill Payment for Bill #511 #54d039ab-2753-45e5-b71a-45ee3c0d50b5"
  Liabilities:CurrentLiabilities:AccountPayable 369.78 HKD
  contact: "880 806 () [53b8789a-4451-4a1f-84f7-a9c5da7ada1a]"
  type: "Bill Payment"
  sourceId: "54d039ab-2753-45e5-b71a-45ee3c0d50b5"
  referenceNo: "511"
  orderId: "1da98f17-b5e4-46c8-ba5b-0dbeb1781508"
  Assets:CurrentAssets:Bank:BocVisaCard-DavidBank -369.78 HKD
  type: "Bill Payment"
  sourceId: "54d039ab-2753-45e5-b71a-45ee3c0d50b5"
  referenceNo: "511"
  orderId: "1da98f17-b5e4-46c8-ba5b-0dbeb1781508"
2023-06-01 * "880 806 () [53b8789a-4451-4a1f-84f7-a9c5da7ada1a]" "Bill Payment for Bill #506 #cec07f4f-5c7d-4ff4-a782-7295e10140b5"
  Liabilities:CurrentLiabilities:AccountPayable 1176.46 HKD
  contact: "880 806 () [53b8789a-4451-4a1f-84f7-a9c5da7ada1a]"
  type: "Bill Payment"
  sourceId: "cec07f4f-5c7d-4ff4-a782-7295e10140b5"
  referenceNo: "506"
  orderId: "38c7fc05-8762-429b-b519-496a008ea41a"
  Assets:CurrentAssets:Bank:BocVisaCard-DavidBank -1176.46 HKD
  type: "Bill Payment"
  sourceId: "cec07f4f-5c7d-4ff4-a782-7295e10140b5"
  referenceNo: "506"
  orderId: "38c7fc05-8762-429b-b519-496a008ea41a"
2023-06-01 * "880 806 () [53b8789a-4451-4a1f-84f7-a9c5da7ada1a]" "Bill Payment for Bill #510 #1478715a-e95d-4b74-9b68-898c52fa9b7c"
  Liabilities:CurrentLiabilities:AccountPayable 2692.54 HKD
  contact: "880 806 () [53b8789a-4451-4a1f-84f7-a9c5da7ada1a]"
  type: "Bill Payment"
  sourceId: "1478715a-e95d-4b74-9b68-898c52fa9b7c"
  referenceNo: "510"
  orderId: "6923518b-f64e-42ef-87e0-585c610e2d9b"
  Assets:CurrentAssets:Bank:BocVisaCard-DavidBank -2692.54 HKD
  type: "Bill Payment"
  sourceId: "1478715a-e95d-4b74-9b68-898c52fa9b7c"
  referenceNo: "510"
  orderId: "6923518b-f64e-42ef-87e0-585c610e2d9b"
2023-06-01 * "Bill #368 SERVICE FEE"
  referenceNo: "368"
  orderId: "a0d0df48-5268-4e4b-9f50-6a1e8ffecfa7"
  type: "Bill"
  Expenses:GeneralExpense:BankFeesExpense 5.00 HKD
  qty: "1"
  description: "SERVICE FEE"
  referenceNo: "368"
  orderId: "a0d0df48-5268-4e4b-9f50-6a1e8ffecfa7"
  type: "Bill Item"
  sourceId: "b4d07d89-7546-487e-adc2-4bc205c5155d"
  Liabilities:CurrentLiabilities:AccountPayable
  referenceNo: "368"
  orderId: "a0d0df48-5268-4e4b-9f50-6a1e8ffecfa7"
  type: "Bill"
  sourceId: "a0d0df48-5268-4e4b-9f50-6a1e8ffecfa7"
  contact: "998 12345835 (boc(bankofchina)) [82f385a7-d238-4826-9a12-e06648f93cdb]"
2023-06-01 * "Bill #355 TO:Pavilion 攝影服務-尾數"
  referenceNo: "355"
  orderId: "10643f40-a809-4293-a08c-0a1fc7543f7f"
  type: "Bill"
  Expenses:GeneralExpense:AdvertisingAndBranding 3262.50 HKD
  qty: "1"
  description: "TO:Pavilion 攝影服務-尾數"
  referenceNo: "355"
  orderId: "10643f40-a809-4293-a08c-0a1fc7543f7f"
  type: "Bill Item"
  sourceId: "9163c548-93ab-47a2-b537-9a84763f3799"
  Liabilities:CurrentLiabilities:AccountPayable
  referenceNo: "355"
  orderId: "10643f40-a809-4293-a08c-0a1fc7543f7f"
  type: "Bill"
  sourceId: "10643f40-a809-4293-a08c-0a1fc7543f7f"
  contact: "880 806 () [53b8789a-4451-4a1f-84f7-a9c5da7ada1a]"
2023-06-01 * "880 806 () [53b8789a-4451-4a1f-84f7-a9c5da7ada1a]" "Bill Payment for Bill #355 #1b22138d-544a-4eb1-8ff6-c964e0cf4a24"
  Liabilities:CurrentLiabilities:AccountPayable 3262.50 HKD
  contact: "880 806 () [53b8789a-4451-4a1f-84f7-a9c5da7ada1a]"
  type: "Bill Payment"
  sourceId: "1b22138d-544a-4eb1-8ff6-c964e0cf4a24"
  referenceNo: "355"
  orderId: "10643f40-a809-4293-a08c-0a1fc7543f7f"
  Assets:CurrentAssets:Bank:BocSavingBank -3262.50 HKD
  type: "Bill Payment"
  sourceId: "1b22138d-544a-4eb1-8ff6-c964e0cf4a24"
  referenceNo: "355"
  orderId: "10643f40-a809-4293-a08c-0a1fc7543f7f"
2023-06-01 * "998 12345835 (boc(bankofchina)) [82f385a7-d238-4826-9a12-e06648f93cdb]" "Bill Payment for Bill #368 #fff459a9-38bb-4503-a624-12541033712c"
  Liabilities:CurrentLiabilities:AccountPayable 5.00 HKD
  contact: "998 12345835 (boc(bankofchina)) [82f385a7-d238-4826-9a12-e06648f93cdb]"
  type: "Bill Payment"
  sourceId: "fff459a9-38bb-4503-a624-12541033712c"
  referenceNo: "368"
  orderId: "a0d0df48-5268-4e4b-9f50-6a1e8ffecfa7"
  Assets:CurrentAssets:Bank:BocSavingBank -5.00 HKD
  type: "Bill Payment"
  sourceId: "fff459a9-38bb-4503-a624-12541033712c"
  referenceNo: "368"
  orderId: "a0d0df48-5268-4e4b-9f50-6a1e8ffecfa7"
2023-06-02 * "Bill #522 小米旅行箱 X2.-集運"
  referenceNo: "522"
  orderId: "92c4d7c3-ad85-4a84-bb7f-51d9ae136341"
  type: "Bill"
  Expenses:GeneralExpense:GeneralExpensesDirect 96.90 HKD
  qty: "1"
  description: "小米旅行箱 X2.-集運"
  referenceNo: "522"
  orderId: "92c4d7c3-ad85-4a84-bb7f-51d9ae136341"
  type: "Bill Item"
  sourceId: "dc78838b-ca63-4c0a-9e7c-708e134b10df"
  Liabilities:CurrentLiabilities:AccountPayable
  referenceNo: "522"
  orderId: "92c4d7c3-ad85-4a84-bb7f-51d9ae136341"
  type: "Bill"
  sourceId: "92c4d7c3-ad85-4a84-bb7f-51d9ae136341"
  contact: "880 806 () [53b8789a-4451-4a1f-84f7-a9c5da7ada1a]"
2023-06-02 * "Bill #517 圆形客厅地毯"
  referenceNo: "517"
  orderId: "4d50ca9e-e5cf-4137-afc6-58fa033deaaf"
  type: "Bill"
  Expenses:GeneralExpense:GeneralExpensesDirect 881.41 HKD
  qty: "1"
  description: "圆形客厅地毯"
  referenceNo: "517"
  orderId: "4d50ca9e-e5cf-4137-afc6-58fa033deaaf"
  type: "Bill Item"
  sourceId: "4090cfb6-d434-467c-a9cf-7ce9bacda4d1"
  Liabilities:CurrentLiabilities:AccountPayable
  referenceNo: "517"
  orderId: "4d50ca9e-e5cf-4137-afc6-58fa033deaaf"
  type: "Bill"
  sourceId: "4d50ca9e-e5cf-4137-afc6-58fa033deaaf"
  contact: "880 806 () [53b8789a-4451-4a1f-84f7-a9c5da7ada1a]"
2023-06-02 * "Bill #508 Indeed Jobs SINGAPORE SG"
  referenceNo: "508"
  orderId: "c915b395-3810-48f4-93d3-5abcbd87b70b"
  type: "Bill"
  Expenses:GeneralExpense:AdvertisingAndBranding 455.25 HKD
  qty: "1"
  description: "Indeed Jobs SINGAPORE SG"
  referenceNo: "508"
  orderId: "c915b395-3810-48f4-93d3-5abcbd87b70b"
  type: "Bill Item"
  sourceId: "40b31cc6-6691-4709-ae2a-82d5b4794d06"
  Liabilities:CurrentLiabilities:AccountPayable
  referenceNo: "508"
  orderId: "c915b395-3810-48f4-93d3-5abcbd87b70b"
  type: "Bill"
  sourceId: "c915b395-3810-48f4-93d3-5abcbd87b70b"
  contact: "880 806 () [53b8789a-4451-4a1f-84f7-a9c5da7ada1a]"
2023-06-02 * "880 806 () [53b8789a-4451-4a1f-84f7-a9c5da7ada1a]" "Bill Payment for Bill #522 #97662f85-724e-45b5-bc82-da174965148d"
  Liabilities:CurrentLiabilities:AccountPayable 96.90 HKD
  contact: "880 806 () [53b8789a-4451-4a1f-84f7-a9c5da7ada1a]"
  type: "Bill Payment"
  sourceId: "97662f85-724e-45b5-bc82-da174965148d"
  referenceNo: "522"
  orderId: "92c4d7c3-ad85-4a84-bb7f-51d9ae136341"
  Assets:CurrentAssets:Bank:BocVisaCard-DavidBank -96.90 HKD
  type: "Bill Payment"
  sourceId: "97662f85-724e-45b5-bc82-da174965148d"
  referenceNo: "522"
  orderId: "92c4d7c3-ad85-4a84-bb7f-51d9ae136341"
2023-06-02 * "880 806 () [53b8789a-4451-4a1f-84f7-a9c5da7ada1a]" "Bill Payment for Bill #517 #48069706-8800-47bb-a2b3-36017c3f7b4a"
  Liabilities:CurrentLiabilities:AccountPayable 881.41 HKD
  contact: "880 806 () [53b8789a-4451-4a1f-84f7-a9c5da7ada1a]"
  type: "Bill Payment"
  sourceId: "48069706-8800-47bb-a2b3-36017c3f7b4a"
  referenceNo: "517"
  orderId: "4d50ca9e-e5cf-4137-afc6-58fa033deaaf"
  Assets:CurrentAssets:Bank:BocVisaCard-DavidBank -881.41 HKD
  type: "Bill Payment"
  sourceId: "48069706-8800-47bb-a2b3-36017c3f7b4a"
  referenceNo: "517"
  orderId: "4d50ca9e-e5cf-4137-afc6-58fa033deaaf"
2023-06-02 * "880 806 () [53b8789a-4451-4a1f-84f7-a9c5da7ada1a]" "Bill Payment for Bill #508 #2f3f1840-ce6d-4317-82e1-159b9eb29893"
  Liabilities:CurrentLiabilities:AccountPayable 455.25 HKD
  contact: "880 806 () [53b8789a-4451-4a1f-84f7-a9c5da7ada1a]"
  type: "Bill Payment"
  sourceId: "2f3f1840-ce6d-4317-82e1-159b9eb29893"
  referenceNo: "508"
  orderId: "c915b395-3810-48f4-93d3-5abcbd87b70b"
  Assets:CurrentAssets:Bank:BocVisaCard-DavidBank -455.25 HKD
  type: "Bill Payment"
  sourceId: "2f3f1840-ce6d-4317-82e1-159b9eb29893"
  referenceNo: "508"
  orderId: "c915b395-3810-48f4-93d3-5abcbd87b70b"
2023-06-03 * "Bill #514 傢私集運"
  referenceNo: "514"
  orderId: "6e728d66-dbaf-4235-9cde-d431b9dae42a"
  type: "Bill"
  Expenses:GeneralExpense:GeneralExpensesDirect 697.27 HKD
  qty: "1"
  description: "傢私集運"
  referenceNo: "514"
  orderId: "6e728d66-dbaf-4235-9cde-d431b9dae42a"
  type: "Bill Item"
  sourceId: "6cb09810-f77b-434b-916c-cc4b112ce546"
  Liabilities:CurrentLiabilities:AccountPayable
  referenceNo: "514"
  orderId: "6e728d66-dbaf-4235-9cde-d431b9dae42a"
  type: "Bill"
  sourceId: "6e728d66-dbaf-4235-9cde-d431b9dae42a"
  contact: "880 806 () [53b8789a-4451-4a1f-84f7-a9c5da7ada1a]"
2023-06-03 * "Bill #521 淘寶集運"
  referenceNo: "521"
  orderId: "c4fe1c38-9fa1-4bfb-b467-95bfb94fa31a"
  type: "Bill"
  Expenses:GeneralExpense:GeneralExpensesDirect 42.67 HKD
  qty: "1"
  description: "淘寶集運"
  referenceNo: "521"
  orderId: "c4fe1c38-9fa1-4bfb-b467-95bfb94fa31a"
  type: "Bill Item"
  sourceId: "d53db9fa-f2dc-4197-a5a6-60bdc2da9835"
  Liabilities:CurrentLiabilities:AccountPayable
  referenceNo: "521"
  orderId: "c4fe1c38-9fa1-4bfb-b467-95bfb94fa31a"
  type: "Bill"
  sourceId: "c4fe1c38-9fa1-4bfb-b467-95bfb94fa31a"
  contact: "880 806 () [53b8789a-4451-4a1f-84f7-a9c5da7ada1a]"
2023-06-03 * "880 806 () [53b8789a-4451-4a1f-84f7-a9c5da7ada1a]" "Bill Payment for Bill #521 #0ef0e0e6-be32-49ee-b9d5-21f490d49b9c"
  Liabilities:CurrentLiabilities:AccountPayable 42.67 HKD
  contact: "880 806 () [53b8789a-4451-4a1f-84f7-a9c5da7ada1a]"
  type: "Bill Payment"
  sourceId: "0ef0e0e6-be32-49ee-b9d5-21f490d49b9c"
  referenceNo: "521"
  orderId: "c4fe1c38-9fa1-4bfb-b467-95bfb94fa31a"
  Assets:CurrentAssets:Bank:BocVisaCard-DavidBank -42.67 HKD
  type: "Bill Payment"
  sourceId: "0ef0e0e6-be32-49ee-b9d5-21f490d49b9c"
  referenceNo: "521"
  orderId: "c4fe1c38-9fa1-4bfb-b467-95bfb94fa31a"
2023-06-03 * "880 806 () [53b8789a-4451-4a1f-84f7-a9c5da7ada1a]" "Bill Payment for Bill #514 #692a52db-af4b-4329-89b0-2632bf852525"
  Liabilities:CurrentLiabilities:AccountPayable 697.27 HKD
  contact: "880 806 () [53b8789a-4451-4a1f-84f7-a9c5da7ada1a]"
  type: "Bill Payment"
  sourceId: "692a52db-af4b-4329-89b0-2632bf852525"
  referenceNo: "514"
  orderId: "6e728d66-dbaf-4235-9cde-d431b9dae42a"
  Assets:CurrentAssets:Bank:BocVisaCard-DavidBank -697.27 HKD
  type: "Bill Payment"
  sourceId: "692a52db-af4b-4329-89b0-2632bf852525"
  referenceNo: "514"
  orderId: "6e728d66-dbaf-4235-9cde-d431b9dae42a"
2023-06-04 * "Bill #515 隔离带"
  referenceNo: "515"
  orderId: "659ba658-f244-4656-b687-f63ec2a59999"
  type: "Bill"
  Expenses:GeneralExpense:GeneralExpensesDirect 41.54 HKD
  qty: "1"
  description: "隔离带"
  referenceNo: "515"
  orderId: "659ba658-f244-4656-b687-f63ec2a59999"
  type: "Bill Item"
  sourceId: "dcfd42e4-0240-4971-bd8e-f44f7b7f2a1c"
  Liabilities:CurrentLiabilities:AccountPayable
  referenceNo: "515"
  orderId: "659ba658-f244-4656-b687-f63ec2a59999"
  type: "Bill"
  sourceId: "659ba658-f244-4656-b687-f63ec2a59999"
  contact: "880 806 () [53b8789a-4451-4a1f-84f7-a9c5da7ada1a]"
2023-06-04 * "Bill #513 手套"
  referenceNo: "513"
  orderId: "089fab8e-85bc-4ff5-9005-918ca037293a"
  type: "Bill"
  Expenses:GeneralExpense:GeneralExpensesDirect 31.44 HKD
  qty: "1"
  description: "手套"
  referenceNo: "513"
  orderId: "089fab8e-85bc-4ff5-9005-918ca037293a"
  type: "Bill Item"
  sourceId: "5bdb19dc-1e9e-40eb-9b38-bf3ed570be4e"
  Liabilities:CurrentLiabilities:AccountPayable
  referenceNo: "513"
  orderId: "089fab8e-85bc-4ff5-9005-918ca037293a"
  type: "Bill"
  sourceId: "089fab8e-85bc-4ff5-9005-918ca037293a"
  contact: "880 806 () [53b8789a-4451-4a1f-84f7-a9c5da7ada1a]"
2023-06-04 * "Bill #512 耳环展示架"
  referenceNo: "512"
  orderId: "d97bf4ca-3cb5-4b4c-b55d-6d1a0f902a31"
  type: "Bill"
  Expenses:GeneralExpense:GeneralExpensesDirect 29.08 HKD
  qty: "1"
  description: "耳环展示架"
  referenceNo: "512"
  orderId: "d97bf4ca-3cb5-4b4c-b55d-6d1a0f902a31"
  type: "Bill Item"
  sourceId: "3bd8cbe6-5888-49a8-a07c-4c2d550c3fd5"
  Liabilities:CurrentLiabilities:AccountPayable
  referenceNo: "512"
  orderId: "d97bf4ca-3cb5-4b4c-b55d-6d1a0f902a31"
  type: "Bill"
  sourceId: "d97bf4ca-3cb5-4b4c-b55d-6d1a0f902a31"
  contact: "880 806 () [53b8789a-4451-4a1f-84f7-a9c5da7ada1a]"
2023-06-04 * "Bill #519 隔离带訂造費"
  referenceNo: "519"
  orderId: "9aedb023-237c-4a0a-8b4d-0c7a011037a8"
  type: "Bill"
  Expenses:GeneralExpense:GeneralExpensesDirect 89.83 HKD
  qty: "1"
  description: "隔离带訂造費"
  referenceNo: "519"
  orderId: "9aedb023-237c-4a0a-8b4d-0c7a011037a8"
  type: "Bill Item"
  sourceId: "19b8eebd-b6cf-41e5-949f-37501da1cf38"
  Liabilities:CurrentLiabilities:AccountPayable
  referenceNo: "519"
  orderId: "9aedb023-237c-4a0a-8b4d-0c7a011037a8"
  type: "Bill"
  sourceId: "9aedb023-237c-4a0a-8b4d-0c7a011037a8"
  contact: "880 806 () [53b8789a-4451-4a1f-84f7-a9c5da7ada1a]"
2023-06-04 * "880 806 () [53b8789a-4451-4a1f-84f7-a9c5da7ada1a]" "Bill Payment for Bill #519 #5a4d61fe-b169-4c22-9908-8899729ed53b"
  Liabilities:CurrentLiabilities:AccountPayable 89.83 HKD
  contact: "880 806 () [53b8789a-4451-4a1f-84f7-a9c5da7ada1a]"
  type: "Bill Payment"
  sourceId: "5a4d61fe-b169-4c22-9908-8899729ed53b"
  referenceNo: "519"
  orderId: "9aedb023-237c-4a0a-8b4d-0c7a011037a8"
  Assets:CurrentAssets:Bank:BocVisaCard-DavidBank -89.83 HKD
  type: "Bill Payment"
  sourceId: "5a4d61fe-b169-4c22-9908-8899729ed53b"
  referenceNo: "519"
  orderId: "9aedb023-237c-4a0a-8b4d-0c7a011037a8"
2023-06-04 * "880 806 () [53b8789a-4451-4a1f-84f7-a9c5da7ada1a]" "Bill Payment for Bill #512 #c0775436-f6d2-484a-a3c3-816935e3241a"
  Liabilities:CurrentLiabilities:AccountPayable 29.08 HKD
  contact: "880 806 () [53b8789a-4451-4a1f-84f7-a9c5da7ada1a]"
  type: "Bill Payment"
  sourceId: "c0775436-f6d2-484a-a3c3-816935e3241a"
  referenceNo: "512"
  orderId: "d97bf4ca-3cb5-4b4c-b55d-6d1a0f902a31"
  Assets:CurrentAssets:Bank:BocVisaCard-DavidBank -29.08 HKD
  type: "Bill Payment"
  sourceId: "c0775436-f6d2-484a-a3c3-816935e3241a"
  referenceNo: "512"
  orderId: "d97bf4ca-3cb5-4b4c-b55d-6d1a0f902a31"
2023-06-04 * "880 806 () [53b8789a-4451-4a1f-84f7-a9c5da7ada1a]" "Bill Payment for Bill #515 #f0dc7bc0-d715-467b-a201-a9aa5b9c4886"
  Liabilities:CurrentLiabilities:AccountPayable 41.54 HKD
  contact: "880 806 () [53b8789a-4451-4a1f-84f7-a9c5da7ada1a]"
  type: "Bill Payment"
  sourceId: "f0dc7bc0-d715-467b-a201-a9aa5b9c4886"
  referenceNo: "515"
  orderId: "659ba658-f244-4656-b687-f63ec2a59999"
  Assets:CurrentAssets:Bank:BocVisaCard-DavidBank -41.54 HKD
  type: "Bill Payment"
  sourceId: "f0dc7bc0-d715-467b-a201-a9aa5b9c4886"
  referenceNo: "515"
  orderId: "659ba658-f244-4656-b687-f63ec2a59999"
2023-06-04 * "880 806 () [53b8789a-4451-4a1f-84f7-a9c5da7ada1a]" "Bill Payment for Bill #513 #ee7086dc-9e1f-4c09-acba-05e3a9fee75a"
  Liabilities:CurrentLiabilities:AccountPayable 31.44 HKD
  contact: "880 806 () [53b8789a-4451-4a1f-84f7-a9c5da7ada1a]"
  type: "Bill Payment"
  sourceId: "ee7086dc-9e1f-4c09-acba-05e3a9fee75a"
  referenceNo: "513"
  orderId: "089fab8e-85bc-4ff5-9005-918ca037293a"
  Assets:CurrentAssets:Bank:BocVisaCard-DavidBank -31.44 HKD
  type: "Bill Payment"
  sourceId: "ee7086dc-9e1f-4c09-acba-05e3a9fee75a"
  referenceNo: "513"
  orderId: "089fab8e-85bc-4ff5-9005-918ca037293a"
2023-06-05 * "Bill #702 台灣外判設計 - 電商廣告12張"
  referenceNo: "702"
  orderId: "d8d71951-113d-40e5-86f3-7d95ffc23797"
  type: "Bill"
  Expenses:GeneralExpense:AdvertisingAndBranding 1252.46 HKD
  qty: "1"
  description: "台灣外判設計 - 電商廣告12張 (50% 訂金) (TWD 4800)"
  referenceNo: "702"
  orderId: "d8d71951-113d-40e5-86f3-7d95ffc23797"
  type: "Bill Item"
  sourceId: "ee918788-361f-494e-9a5f-57318c0d6190"
  Expenses:GeneralExpense:AdvertisingAndBranding 1261.58 HKD
  qty: "1"
  description: "台灣外判設計 - 電商廣告12張 (50% 尾數) (TWD 4800)"
  referenceNo: "702"
  orderId: "d8d71951-113d-40e5-86f3-7d95ffc23797"
  type: "Bill Item"
  sourceId: "b2929832-8a5b-4cdf-b27b-1d7fdf8562a2"
  Liabilities:CurrentLiabilities:AccountPayable
  referenceNo: "702"
  orderId: "d8d71951-113d-40e5-86f3-7d95ffc23797"
  type: "Bill"
  sourceId: "d8d71951-113d-40e5-86f3-7d95ffc23797"
  contact: "880 806 () [53b8789a-4451-4a1f-84f7-a9c5da7ada1a]"
2023-06-05 * "Bill #812 DKK 申請 NNC1 核實副本"
  referenceNo: "812"
  orderId: "d56f3e2a-bc4e-4f4a-876d-704d4bbb0df6"
  type: "Bill"
  Expenses:GeneralExpense:LegalAndProfessionalFee 368.00 HKD
  qty: "1"
  description: "DKK 申請 NNC1 核實副本"
  referenceNo: "812"
  orderId: "d56f3e2a-bc4e-4f4a-876d-704d4bbb0df6"
  type: "Bill Item"
  sourceId: "95610327-8774-4688-8bf7-94ae44f7b165"
  Liabilities:CurrentLiabilities:AccountPayable
  referenceNo: "812"
  orderId: "d56f3e2a-bc4e-4f4a-876d-704d4bbb0df6"
  type: "Bill"
  sourceId: "d56f3e2a-bc4e-4f4a-876d-704d4bbb0df6"
  contact: "880 806 () [53b8789a-4451-4a1f-84f7-a9c5da7ada1a]"
2023-06-05 * "880 806 () [53b8789a-4451-4a1f-84f7-a9c5da7ada1a]" "Bill Payment for Bill #702 #0f751a33-fb8e-4e34-ba61-b59ef9e45d0d"
  Liabilities:CurrentLiabilities:AccountPayable 1252.46 HKD
  contact: "880 806 () [53b8789a-4451-4a1f-84f7-a9c5da7ada1a]"
  type: "Bill Payment"
  sourceId: "0f751a33-fb8e-4e34-ba61-b59ef9e45d0d"
  referenceNo: "702"
  orderId: "d8d71951-113d-40e5-86f3-7d95ffc23797"
  Liabilities:CurrentLiabilities:CurrentAccount:C-a-MilrichElectronicsHkCoLtd -1252.46 HKD
  type: "Bill Payment"
  sourceId: "0f751a33-fb8e-4e34-ba61-b59ef9e45d0d"
  referenceNo: "702"
  orderId: "d8d71951-113d-40e5-86f3-7d95ffc23797"
2023-06-05 * "880 806 () [53b8789a-4451-4a1f-84f7-a9c5da7ada1a]" "Bill Payment for Bill #812 #466f891e-035a-4870-8071-4f3557f3ca81"
  Liabilities:CurrentLiabilities:AccountPayable 368.00 HKD
  contact: "880 806 () [53b8789a-4451-4a1f-84f7-a9c5da7ada1a]"
  type: "Bill Payment"
  sourceId: "466f891e-035a-4870-8071-4f3557f3ca81"
  referenceNo: "812"
  orderId: "d56f3e2a-bc4e-4f4a-876d-704d4bbb0df6"
  Liabilities:CurrentLiabilities:CurrentAccount:C-a-MilrichElectronicsHkCoLtd -368.00 HKD
  type: "Bill Payment"
  sourceId: "466f891e-035a-4870-8071-4f3557f3ca81"
  referenceNo: "812"
  orderId: "d56f3e2a-bc4e-4f4a-876d-704d4bbb0df6"
2023-06-05 * "880 806 () [53b8789a-4451-4a1f-84f7-a9c5da7ada1a]" "Bill Payment for Bill #1106 #b7539233-19f2-4b8a-9c4d-1cd16ce22ee1"
  Liabilities:CurrentLiabilities:AccountPayable 1000.00 HKD
  contact: "880 806 () [53b8789a-4451-4a1f-84f7-a9c5da7ada1a]"
  type: "Bill Payment"
  sourceId: "b7539233-19f2-4b8a-9c4d-1cd16ce22ee1"
  referenceNo: "1106"
  orderId: "b6d0d323-38da-4603-95fc-ef1cc8c2e1f0"
  Liabilities:CurrentLiabilities:CurrentAccount:C-a-MilrichElectronicsHkCoLtd -1000.00 HKD
  type: "Bill Payment"
  sourceId: "b7539233-19f2-4b8a-9c4d-1cd16ce22ee1"
  referenceNo: "1106"
  orderId: "b6d0d323-38da-4603-95fc-ef1cc8c2e1f0"
2023-06-05 * "880 806 () [53b8789a-4451-4a1f-84f7-a9c5da7ada1a]" "Bill Payment for Bill #1105 #d38a4e18-36dc-4dd6-9417-200af96d786d"
  Liabilities:CurrentLiabilities:AccountPayable 244.00 HKD
  contact: "880 806 () [53b8789a-4451-4a1f-84f7-a9c5da7ada1a]"
  type: "Bill Payment"
  sourceId: "d38a4e18-36dc-4dd6-9417-200af96d786d"
  referenceNo: "1105"
  orderId: "93c3d013-ee4b-4858-acc9-dbdd5e3a249b"
  Liabilities:CurrentLiabilities:CurrentAccount:C-a-MilrichElectronicsHkCoLtd -244.00 HKD
  type: "Bill Payment"
  sourceId: "d38a4e18-36dc-4dd6-9417-200af96d786d"
  referenceNo: "1105"
  orderId: "93c3d013-ee4b-4858-acc9-dbdd5e3a249b"
2023-06-05 * "Bill #530 珠宝镜X3"
  referenceNo: "530"
  orderId: "3e4c30bc-1c4e-4688-a14e-11d206ab3542"
  type: "Bill"
  Expenses:GeneralExpense:GeneralExpensesDirect 679.21 HKD
  qty: "1"
  description: "珠宝镜X3"
  referenceNo: "530"
  orderId: "3e4c30bc-1c4e-4688-a14e-11d206ab3542"
  type: "Bill Item"
  sourceId: "31cb0e21-4608-4bbd-bd3f-8107c8d8915a"
  Liabilities:CurrentLiabilities:AccountPayable
  referenceNo: "530"
  orderId: "3e4c30bc-1c4e-4688-a14e-11d206ab3542"
  type: "Bill"
  sourceId: "3e4c30bc-1c4e-4688-a14e-11d206ab3542"
  contact: "880 806 () [53b8789a-4451-4a1f-84f7-a9c5da7ada1a]"
2023-06-05 * "880 806 () [53b8789a-4451-4a1f-84f7-a9c5da7ada1a]" "Bill Payment for Bill #530 #4a66c9b2-a3d8-43fc-bdd2-02013e1ccfdf"
  Liabilities:CurrentLiabilities:AccountPayable 679.21 HKD
  contact: "880 806 () [53b8789a-4451-4a1f-84f7-a9c5da7ada1a]"
  type: "Bill Payment"
  sourceId: "4a66c9b2-a3d8-43fc-bdd2-02013e1ccfdf"
  referenceNo: "530"
  orderId: "3e4c30bc-1c4e-4688-a14e-11d206ab3542"
  Assets:CurrentAssets:Bank:BocVisaCard-DavidBank -679.21 HKD
  type: "Bill Payment"
  sourceId: "4a66c9b2-a3d8-43fc-bdd2-02013e1ccfdf"
  referenceNo: "530"
  orderId: "3e4c30bc-1c4e-4688-a14e-11d206ab3542"
2023-06-06 * "Bill #837 DKK淘寶支出"
  referenceNo: "837"
  orderId: "e2710694-50d0-455d-af40-f148a3062c2a"
  type: "Bill"
  Expenses:GeneralExpense:GeneralExpensesDirect 18495.00 HKD
  qty: "1"
  description: "DKK淘寶支出"
  referenceNo: "837"
  orderId: "e2710694-50d0-455d-af40-f148a3062c2a"
  type: "Bill Item"
  sourceId: "c9ec14c5-f39c-40f0-b2bf-4cbaf2ae5c83"
  Liabilities:CurrentLiabilities:AccountPayable
  referenceNo: "837"
  orderId: "e2710694-50d0-455d-af40-f148a3062c2a"
  type: "Bill"
  sourceId: "e2710694-50d0-455d-af40-f148a3062c2a"
  contact: "880 806 () [53b8789a-4451-4a1f-84f7-a9c5da7ada1a]"
2023-06-06 * "880 806 () [53b8789a-4451-4a1f-84f7-a9c5da7ada1a]" "Bill Payment for Bill #837 #e8452d63-0098-4bb7-8b58-d949a846a46a"
  Liabilities:CurrentLiabilities:AccountPayable 18495.00 HKD
  contact: "880 806 () [53b8789a-4451-4a1f-84f7-a9c5da7ada1a]"
  type: "Bill Payment"
  sourceId: "e8452d63-0098-4bb7-8b58-d949a846a46a"
  referenceNo: "837"
  orderId: "e2710694-50d0-455d-af40-f148a3062c2a"
  Liabilities:CurrentLiabilities:CurrentAccount:C-a-MilrichElectronicsHkCoLtd -18495.00 HKD
  type: "Bill Payment"
  sourceId: "e8452d63-0098-4bb7-8b58-d949a846a46a"
  referenceNo: "837"
  orderId: "e2710694-50d0-455d-af40-f148a3062c2a"
2023-06-06 * "Bill #526 香檳杯"
  referenceNo: "526"
  orderId: "a04492a3-c9df-4eb6-a080-60af82bc7131"
  type: "Bill"
  Expenses:GeneralExpense:GeneralExpensesDirect 666.98 HKD
  qty: "1"
  description: "香檳杯"
  referenceNo: "526"
  orderId: "a04492a3-c9df-4eb6-a080-60af82bc7131"
  type: "Bill Item"
  sourceId: "5a2ead2f-7de4-43c1-a4e0-b2519e94aef8"
  Liabilities:CurrentLiabilities:AccountPayable
  referenceNo: "526"
  orderId: "a04492a3-c9df-4eb6-a080-60af82bc7131"
  type: "Bill"
  sourceId: "a04492a3-c9df-4eb6-a080-60af82bc7131"
  contact: "880 806 () [53b8789a-4451-4a1f-84f7-a9c5da7ada1a]"
2023-06-06 * "Bill #524 蠟燭 差額"
  referenceNo: "524"
  orderId: "8673ded1-ecab-4d17-8c0b-cb515718edd8"
  type: "Bill"
  Expenses:GeneralExpense:GeneralExpensesDirect 50.43 HKD
  qty: "1"
  description: "蠟燭 差額"
  referenceNo: "524"
  orderId: "8673ded1-ecab-4d17-8c0b-cb515718edd8"
  type: "Bill Item"
  sourceId: "1db4a49c-122a-4e54-99a5-d3e0d19d086e"
  Liabilities:CurrentLiabilities:AccountPayable
  referenceNo: "524"
  orderId: "8673ded1-ecab-4d17-8c0b-cb515718edd8"
  type: "Bill"
  sourceId: "8673ded1-ecab-4d17-8c0b-cb515718edd8"
  contact: "880 806 () [53b8789a-4451-4a1f-84f7-a9c5da7ada1a]"
2023-06-06 * "Bill #527 一次性餐具"
  referenceNo: "527"
  orderId: "8f6dd65c-a5c8-4fdc-814c-2fc901bfea8c"
  type: "Bill"
  Expenses:GeneralExpense:GeneralExpensesDirect 465.04 HKD
  qty: "1"
  description: "一次性餐具"
  referenceNo: "527"
  orderId: "8f6dd65c-a5c8-4fdc-814c-2fc901bfea8c"
  type: "Bill Item"
  sourceId: "a243ddf3-0962-47b2-9b27-a69ce94f7afa"
  Liabilities:CurrentLiabilities:AccountPayable
  referenceNo: "527"
  orderId: "8f6dd65c-a5c8-4fdc-814c-2fc901bfea8c"
  type: "Bill"
  sourceId: "8f6dd65c-a5c8-4fdc-814c-2fc901bfea8c"
  contact: "880 806 () [53b8789a-4451-4a1f-84f7-a9c5da7ada1a]"
2023-06-06 * "Bill #529 蠟燭"
  referenceNo: "529"
  orderId: "379de624-651d-438f-8803-7dae96dc5c1b"
  type: "Bill"
  Expenses:GeneralExpense:GeneralExpensesDirect 3311.37 HKD
  qty: "1"
  description: "蠟燭"
  referenceNo: "529"
  orderId: "379de624-651d-438f-8803-7dae96dc5c1b"
  type: "Bill Item"
  sourceId: "82e3210a-7587-4274-bc5b-3de500041a1d"
  Liabilities:CurrentLiabilities:AccountPayable
  referenceNo: "529"
  orderId: "379de624-651d-438f-8803-7dae96dc5c1b"
  type: "Bill"
  sourceId: "379de624-651d-438f-8803-7dae96dc5c1b"
  contact: "880 806 () [53b8789a-4451-4a1f-84f7-a9c5da7ada1a]"
2023-06-06 * "880 806 () [53b8789a-4451-4a1f-84f7-a9c5da7ada1a]" "Bill Payment for Bill #526 #40b14432-23a1-40a2-9a3b-37a380cdaeca"
  Liabilities:CurrentLiabilities:AccountPayable 666.98 HKD
  contact: "880 806 () [53b8789a-4451-4a1f-84f7-a9c5da7ada1a]"
  type: "Bill Payment"
  sourceId: "40b14432-23a1-40a2-9a3b-37a380cdaeca"
  referenceNo: "526"
  orderId: "a04492a3-c9df-4eb6-a080-60af82bc7131"
  Assets:CurrentAssets:Bank:BocVisaCard-DavidBank -666.98 HKD
  type: "Bill Payment"
  sourceId: "40b14432-23a1-40a2-9a3b-37a380cdaeca"
  referenceNo: "526"
  orderId: "a04492a3-c9df-4eb6-a080-60af82bc7131"
2023-06-06 * "880 806 () [53b8789a-4451-4a1f-84f7-a9c5da7ada1a]" "Bill Payment for Bill #527 #acc69598-9610-4307-bfbe-90f380419aab"
  Liabilities:CurrentLiabilities:AccountPayable 465.04 HKD
  contact: "880 806 () [53b8789a-4451-4a1f-84f7-a9c5da7ada1a]"
  type: "Bill Payment"
  sourceId: "acc69598-9610-4307-bfbe-90f380419aab"
  referenceNo: "527"
  orderId: "8f6dd65c-a5c8-4fdc-814c-2fc901bfea8c"
  Assets:CurrentAssets:Bank:BocVisaCard-DavidBank -465.04 HKD
  type: "Bill Payment"
  sourceId: "acc69598-9610-4307-bfbe-90f380419aab"
  referenceNo: "527"
  orderId: "8f6dd65c-a5c8-4fdc-814c-2fc901bfea8c"
2023-06-06 * "880 806 () [53b8789a-4451-4a1f-84f7-a9c5da7ada1a]" "Bill Payment for Bill #529 #ff0f90ae-4bdc-4353-9f78-e18ee732fd2d"
  Liabilities:CurrentLiabilities:AccountPayable 3311.37 HKD
  contact: "880 806 () [53b8789a-4451-4a1f-84f7-a9c5da7ada1a]"
  type: "Bill Payment"
  sourceId: "ff0f90ae-4bdc-4353-9f78-e18ee732fd2d"
  referenceNo: "529"
  orderId: "379de624-651d-438f-8803-7dae96dc5c1b"
  Assets:CurrentAssets:Bank:BocVisaCard-DavidBank -3311.37 HKD
  type: "Bill Payment"
  sourceId: "ff0f90ae-4bdc-4353-9f78-e18ee732fd2d"
  referenceNo: "529"
  orderId: "379de624-651d-438f-8803-7dae96dc5c1b"
2023-06-06 * "880 806 () [53b8789a-4451-4a1f-84f7-a9c5da7ada1a]" "Bill Payment for Bill #524 #b6da1997-f63a-4d27-a11d-048ecc7aa0da"
  Liabilities:CurrentLiabilities:AccountPayable 50.43 HKD
  contact: "880 806 () [53b8789a-4451-4a1f-84f7-a9c5da7ada1a]"
  type: "Bill Payment"
  sourceId: "b6da1997-f63a-4d27-a11d-048ecc7aa0da"
  referenceNo: "524"
  orderId: "8673ded1-ecab-4d17-8c0b-cb515718edd8"
  Assets:CurrentAssets:Bank:BocVisaCard-DavidBank -50.43 HKD
  type: "Bill Payment"
  sourceId: "b6da1997-f63a-4d27-a11d-048ecc7aa0da"
  referenceNo: "524"
  orderId: "8673ded1-ecab-4d17-8c0b-cb515718edd8"
2023-06-07 * "Bill #554 ADT"
  referenceNo: "554"
  orderId: "8e724cbe-757e-49c7-97f1-8d15961a2d1e"
  type: "Bill"
  Expenses:GeneralExpense:TelephoneAndInternetAndAlarm 1200.00 HKD
  qty: "1"
  description: "ADT ALARM MONITORING HK LIMITED"
  referenceNo: "554"
  orderId: "8e724cbe-757e-49c7-97f1-8d15961a2d1e"
  type: "Bill Item"
  sourceId: "18f6cac4-4099-4e57-ab74-83947fb6040a"
  Liabilities:CurrentLiabilities:AccountPayable
  referenceNo: "554"
  orderId: "8e724cbe-757e-49c7-97f1-8d15961a2d1e"
  type: "Bill"
  sourceId: "8e724cbe-757e-49c7-97f1-8d15961a2d1e"
  contact: "880 806 () [53b8789a-4451-4a1f-84f7-a9c5da7ada1a]"
2023-06-07 * "880 806 () [53b8789a-4451-4a1f-84f7-a9c5da7ada1a]" "Bill Payment for Bill #554 #469e89ee-9072-4358-bb18-d4c2f5a92daa"
  Liabilities:CurrentLiabilities:AccountPayable 1200.00 HKD
  contact: "880 806 () [53b8789a-4451-4a1f-84f7-a9c5da7ada1a]"
  type: "Bill Payment"
  sourceId: "469e89ee-9072-4358-bb18-d4c2f5a92daa"
  referenceNo: "554"
  orderId: "8e724cbe-757e-49c7-97f1-8d15961a2d1e"
  Assets:CurrentAssets:Bank:BocSavingBank -1200.00 HKD
  type: "Bill Payment"
  sourceId: "469e89ee-9072-4358-bb18-d4c2f5a92daa"
  referenceNo: "554"
  orderId: "8e724cbe-757e-49c7-97f1-8d15961a2d1e"
2023-06-07 * "Bill #386 手續費"
  referenceNo: "386"
  orderId: "d0aa0f69-b3a2-4ba4-a91a-238980dd3610"
  type: "Bill"
  Expenses:GeneralExpense:BankFeesExpense 5.00 HKD
  qty: "1"
  description: "手續費"
  referenceNo: "386"
  orderId: "d0aa0f69-b3a2-4ba4-a91a-238980dd3610"
  type: "Bill Item"
  sourceId: "c3e5c778-274f-4cdc-8c0e-99ec7dac51ed"
  Liabilities:CurrentLiabilities:AccountPayable
  referenceNo: "386"
  orderId: "d0aa0f69-b3a2-4ba4-a91a-238980dd3610"
  type: "Bill"
  sourceId: "d0aa0f69-b3a2-4ba4-a91a-238980dd3610"
  contact: "998 12345835 (boc(bankofchina)) [82f385a7-d238-4826-9a12-e06648f93cdb]"
2023-06-07 * "998 12345835 (boc(bankofchina)) [82f385a7-d238-4826-9a12-e06648f93cdb]" "Bill Payment for Bill #386 #d2c2b7bb-8247-4483-89e7-ef830c3212c5"
  Liabilities:CurrentLiabilities:AccountPayable 5.00 HKD
  contact: "998 12345835 (boc(bankofchina)) [82f385a7-d238-4826-9a12-e06648f93cdb]"
  type: "Bill Payment"
  sourceId: "d2c2b7bb-8247-4483-89e7-ef830c3212c5"
  referenceNo: "386"
  orderId: "d0aa0f69-b3a2-4ba4-a91a-238980dd3610"
  Assets:CurrentAssets:Bank:BocSavingBank -5.00 HKD
  type: "Bill Payment"
  sourceId: "d2c2b7bb-8247-4483-89e7-ef830c3212c5"
  referenceNo: "386"
  orderId: "d0aa0f69-b3a2-4ba4-a91a-238980dd3610"
2023-06-08 * "Invoice #84 "
  Income:Sales:SalesItem:SellGoldJewelry -1890.00 HKD
  category: "Gold Jewelry"
  sku: "DDFF23051205000000000006"
  qty: 1
  referenceNo: "84"
  orderId: "3996ea70-db1a-4d27-b417-11ec6f131f8d"
  type: "Invoice Item"
  sourceId: "899d97f7-16c6-4cde-97e2-5ff4f88cf191"
  Assets:CurrentAssets:AccountReceivable
  referenceNo: "84"
  orderId: "3996ea70-db1a-4d27-b417-11ec6f131f8d"
  type: "Invoice"
  sourceId: "3996ea70-db1a-4d27-b417-11ec6f131f8d"
  contact: "852 93640689 (SHLIVAYASS.DHAVALE) [bd62c81d-a0d8-4554-b8e9-dbd1d9d090ca]"
2023-06-08 * "Assets:CurrentAssets:Cash:CashInHand" "Invoice Payment for Invoice #84 #5014e4fc-9cbb-4088-8b46-d133cb665374"
  Assets:CurrentAssets:Cash:CashInHand 1890.00 HKD
  type: "Invoice Payment"
  sourceId: "5014e4fc-9cbb-4088-8b46-d133cb665374"
  referenceNo: "84"
  orderId: "3996ea70-db1a-4d27-b417-11ec6f131f8d"
  Assets:CurrentAssets:AccountReceivable -1890.00 HKD
  type: "Invoice Payment"
  sourceId: "5014e4fc-9cbb-4088-8b46-d133cb665374"
  referenceNo: "84"
  orderId: "3996ea70-db1a-4d27-b417-11ec6f131f8d"
  contact: "852 93640689 (SHLIVAYASS.DHAVALE) [bd62c81d-a0d8-4554-b8e9-dbd1d9d090ca]"
2023-06-09 * "Bill #793 323 電話線遷移費"
  referenceNo: "793"
  orderId: "eb842be9-5b8f-4eeb-86e7-3e37366a9f2e"
  type: "Bill"
  Expenses:GeneralExpense:TelephoneAndInternetAndAlarm 600.00 HKD
  qty: "1"
  description: "323 電話線遷移費"
  referenceNo: "793"
  orderId: "eb842be9-5b8f-4eeb-86e7-3e37366a9f2e"
  type: "Bill Item"
  sourceId: "494c96a3-1a6c-4319-baca-62afe76ff6b0"
  Liabilities:CurrentLiabilities:AccountPayable
  referenceNo: "793"
  orderId: "eb842be9-5b8f-4eeb-86e7-3e37366a9f2e"
  type: "Bill"
  sourceId: "eb842be9-5b8f-4eeb-86e7-3e37366a9f2e"
  contact: "880 806 () [53b8789a-4451-4a1f-84f7-a9c5da7ada1a]"
2023-06-09 * "Bill #818 DKK 台灣外判廣告設計 TWD4800 DEPOSIT"
  referenceNo: "818"
  orderId: "fa552865-5932-40fa-9903-5520c37f472c"
  type: "Bill"
  Expenses:GeneralExpense:WebErpDev 1252.00 HKD
  qty: "1"
  description: "DKK 台灣外判廣告設計 TWD4800 DEPOSIT"
  referenceNo: "818"
  orderId: "fa552865-5932-40fa-9903-5520c37f472c"
  type: "Bill Item"
  sourceId: "0690531f-af86-455a-a087-920e6e038f99"
  Liabilities:CurrentLiabilities:AccountPayable
  referenceNo: "818"
  orderId: "fa552865-5932-40fa-9903-5520c37f472c"
  type: "Bill"
  sourceId: "fa552865-5932-40fa-9903-5520c37f472c"
  contact: "880 806 () [53b8789a-4451-4a1f-84f7-a9c5da7ada1a]"
2023-06-09 * "880 806 () [53b8789a-4451-4a1f-84f7-a9c5da7ada1a]" "Bill Payment for Bill #793 #dc4b0835-a5ea-4982-a3a6-eb2d7f4c9d7a"
  Liabilities:CurrentLiabilities:AccountPayable 600.00 HKD
  contact: "880 806 () [53b8789a-4451-4a1f-84f7-a9c5da7ada1a]"
  type: "Bill Payment"
  sourceId: "dc4b0835-a5ea-4982-a3a6-eb2d7f4c9d7a"
  referenceNo: "793"
  orderId: "eb842be9-5b8f-4eeb-86e7-3e37366a9f2e"
  Liabilities:CurrentLiabilities:CurrentAccount:C-a-MilrichElectronicsHkCoLtd -600.00 HKD
  type: "Bill Payment"
  sourceId: "dc4b0835-a5ea-4982-a3a6-eb2d7f4c9d7a"
  referenceNo: "793"
  orderId: "eb842be9-5b8f-4eeb-86e7-3e37366a9f2e"
2023-06-09 * "880 806 () [53b8789a-4451-4a1f-84f7-a9c5da7ada1a]" "Bill Payment for Bill #818 #d63b0f09-41c0-4050-b9c9-16f969357f4b"
  Liabilities:CurrentLiabilities:AccountPayable 1252.00 HKD
  contact: "880 806 () [53b8789a-4451-4a1f-84f7-a9c5da7ada1a]"
  type: "Bill Payment"
  sourceId: "d63b0f09-41c0-4050-b9c9-16f969357f4b"
  referenceNo: "818"
  orderId: "fa552865-5932-40fa-9903-5520c37f472c"
  Liabilities:CurrentLiabilities:CurrentAccount:C-a-MilrichElectronicsHkCoLtd -1252.00 HKD
  type: "Bill Payment"
  sourceId: "d63b0f09-41c0-4050-b9c9-16f969357f4b"
  referenceNo: "818"
  orderId: "fa552865-5932-40fa-9903-5520c37f472c"
2023-06-09 * "Bill #531 GENERAL EXP"
  referenceNo: "531"
  orderId: "10cb0bb6-1c33-4e17-94f8-97e68bf2819d"
  type: "Bill"
  Expenses:GeneralExpense:GeneralExpensesDirect 31.35 HKD
  qty: "1"
  description: "brother标签打印"
  referenceNo: "531"
  orderId: "10cb0bb6-1c33-4e17-94f8-97e68bf2819d"
  type: "Bill Item"
  sourceId: "f6c22be6-c8ce-424c-b117-c6af2432d333"
  Expenses:GeneralExpense:GeneralExpensesDirect 39.85 HKD
  qty: "1"
  description: "水刮+工作主卡套"
  referenceNo: "531"
  orderId: "10cb0bb6-1c33-4e17-94f8-97e68bf2819d"
  type: "Bill Item"
  sourceId: "794332a0-340c-428e-902f-63ceff2cc66c"
  Expenses:GeneralExpense:GeneralExpensesDirect 727.71 HKD
  qty: "1"
  description: "珠宝镜X3"
  referenceNo: "531"
  orderId: "10cb0bb6-1c33-4e17-94f8-97e68bf2819d"
  type: "Bill Item"
  sourceId: "0b6029ae-1fbc-4a64-a976-77d6eac12a8c"
  Liabilities:CurrentLiabilities:AccountPayable
  referenceNo: "531"
  orderId: "10cb0bb6-1c33-4e17-94f8-97e68bf2819d"
  type: "Bill"
  sourceId: "10cb0bb6-1c33-4e17-94f8-97e68bf2819d"
  contact: "880 806 () [53b8789a-4451-4a1f-84f7-a9c5da7ada1a]"
2023-06-09 * "880 806 () [53b8789a-4451-4a1f-84f7-a9c5da7ada1a]" "Bill Payment for Bill #531 #97ed9038-1304-4025-a109-79872c90262a"
  Liabilities:CurrentLiabilities:AccountPayable 798.91 HKD
  contact: "880 806 () [53b8789a-4451-4a1f-84f7-a9c5da7ada1a]"
  type: "Bill Payment"
  sourceId: "97ed9038-1304-4025-a109-79872c90262a"
  referenceNo: "531"
  orderId: "10cb0bb6-1c33-4e17-94f8-97e68bf2819d"
  Assets:CurrentAssets:Bank:BocVisaCard-DavidBank -798.91 HKD
  type: "Bill Payment"
  sourceId: "97ed9038-1304-4025-a109-79872c90262a"
  referenceNo: "531"
  orderId: "10cb0bb6-1c33-4e17-94f8-97e68bf2819d"
2023-06-10 * "Bill #845 REFUND 退款 - 珠寶鏡X3"
  referenceNo: "845"
  orderId: "a092b8fe-d7fb-4b47-b1e4-d37766b2575b"
  type: "Bill"
  Expenses:GeneralExpense:GeneralExpensesDirect -1017.77 HKD
  qty: "1"
  description: "REFUND 退款 - 珠寶鏡X3"
  referenceNo: "845"
  orderId: "a092b8fe-d7fb-4b47-b1e4-d37766b2575b"
  type: "Bill Item"
  sourceId: "24e0d5d3-fb7b-4043-8039-9e7eefe36a40"
  Liabilities:CurrentLiabilities:AccountPayable
  referenceNo: "845"
  orderId: "a092b8fe-d7fb-4b47-b1e4-d37766b2575b"
  type: "Bill"
  sourceId: "a092b8fe-d7fb-4b47-b1e4-d37766b2575b"
  contact: "880 806 () [53b8789a-4451-4a1f-84f7-a9c5da7ada1a]"
2023-06-10 * "Bill #846 REFUND 退款 - 圓形客廳地毯"
  referenceNo: "846"
  orderId: "3e304b31-3ff6-45ee-9a54-f80ed8372f2d"
  type: "Bill"
  Expenses:GeneralExpense:GeneralExpensesDirect -679.21 HKD
  qty: "1"
  description: "REFUND 退款 - 圓形客廳地毯"
  referenceNo: "846"
  orderId: "3e304b31-3ff6-45ee-9a54-f80ed8372f2d"
  type: "Bill Item"
  sourceId: "3cb363d7-92c7-45be-9c1b-42ab86c82520"
  Liabilities:CurrentLiabilities:AccountPayable
  referenceNo: "846"
  orderId: "3e304b31-3ff6-45ee-9a54-f80ed8372f2d"
  type: "Bill"
  sourceId: "3e304b31-3ff6-45ee-9a54-f80ed8372f2d"
  contact: "880 806 () [53b8789a-4451-4a1f-84f7-a9c5da7ada1a]"
2023-06-10 * "880 806 () [53b8789a-4451-4a1f-84f7-a9c5da7ada1a]" "Bill Payment for Bill #845 #9bf22c0c-2351-4bfa-bd88-d2d599cd8162"
  Liabilities:CurrentLiabilities:AccountPayable -1017.77 HKD
  contact: "880 806 () [53b8789a-4451-4a1f-84f7-a9c5da7ada1a]"
  type: "Bill Payment"
  sourceId: "9bf22c0c-2351-4bfa-bd88-d2d599cd8162"
  referenceNo: "845"
  orderId: "a092b8fe-d7fb-4b47-b1e4-d37766b2575b"
  Assets:CurrentAssets:Bank:BocVisaCard-DavidBank --1017.77 HKD
  type: "Bill Payment"
  sourceId: "9bf22c0c-2351-4bfa-bd88-d2d599cd8162"
  referenceNo: "845"
  orderId: "a092b8fe-d7fb-4b47-b1e4-d37766b2575b"
2023-06-10 * "880 806 () [53b8789a-4451-4a1f-84f7-a9c5da7ada1a]" "Bill Payment for Bill #846 #c48f5a60-487d-4a1f-ba98-2697ee21e0f2"
  Liabilities:CurrentLiabilities:AccountPayable -679.21 HKD
  contact: "880 806 () [53b8789a-4451-4a1f-84f7-a9c5da7ada1a]"
  type: "Bill Payment"
  sourceId: "c48f5a60-487d-4a1f-ba98-2697ee21e0f2"
  referenceNo: "846"
  orderId: "3e304b31-3ff6-45ee-9a54-f80ed8372f2d"
  Assets:CurrentAssets:Bank:BocVisaCard-DavidBank --679.21 HKD
  type: "Bill Payment"
  sourceId: "c48f5a60-487d-4a1f-ba98-2697ee21e0f2"
  referenceNo: "846"
  orderId: "3e304b31-3ff6-45ee-9a54-f80ed8372f2d"
2023-06-10 * "Bill #533 GENERAL EXP"
  referenceNo: "533"
  orderId: "99d12fe7-405c-4e18-be83-e626cb7a4ab0"
  type: "Bill"
  Expenses:GeneralExpense:GeneralExpensesDirect 50.38 HKD
  qty: "1"
  description: "集運"
  referenceNo: "533"
  orderId: "99d12fe7-405c-4e18-be83-e626cb7a4ab0"
  type: "Bill Item"
  sourceId: "871f1ffb-3ed3-4bc8-aa51-0840a97d468f"
  Expenses:GeneralExpense:GeneralExpensesDirect 116.65 HKD
  qty: "1"
  description: "雨伞收纳架"
  referenceNo: "533"
  orderId: "99d12fe7-405c-4e18-be83-e626cb7a4ab0"
  type: "Bill Item"
  sourceId: "dc6ca1aa-0829-48e9-abac-5e8283389680"
  Expenses:GeneralExpense:TransportationAndCourier 1775.61 HKD
  qty: "1"
  description: "家具配送"
  referenceNo: "533"
  orderId: "99d12fe7-405c-4e18-be83-e626cb7a4ab0"
  type: "Bill Item"
  sourceId: "9515da92-62ab-4233-ad18-3a9bb653b83b"
  Expenses:GeneralExpense:GeneralExpensesDirect 267.68 HKD
  qty: "1"
  description: "不锈钢地插盖板+衣服挂钩"
  referenceNo: "533"
  orderId: "99d12fe7-405c-4e18-be83-e626cb7a4ab0"
  type: "Bill Item"
  sourceId: "a3913396-96cb-4e05-be26-b430cd3783e5"
  Expenses:GeneralExpense:GeneralExpensesDirect 139.60 HKD
  qty: "1"
  description: "清洁剂"
  referenceNo: "533"
  orderId: "99d12fe7-405c-4e18-be83-e626cb7a4ab0"
  type: "Bill Item"
  sourceId: "b553cd93-fb05-418b-8a2e-6e8c708ddad6"
  Expenses:GeneralExpense:GeneralExpensesDirect 39.96 HKD
  qty: "1"
  description: "瓷砖划痕修复剂"
  referenceNo: "533"
  orderId: "99d12fe7-405c-4e18-be83-e626cb7a4ab0"
  type: "Bill Item"
  sourceId: "e6c9ac5a-86bc-47eb-b8e4-5a824db3f73d"
  Liabilities:CurrentLiabilities:AccountPayable
  referenceNo: "533"
  orderId: "99d12fe7-405c-4e18-be83-e626cb7a4ab0"
  type: "Bill"
  sourceId: "99d12fe7-405c-4e18-be83-e626cb7a4ab0"
  contact: "880 806 () [53b8789a-4451-4a1f-84f7-a9c5da7ada1a]"
2023-06-10 * "Bill #525 珠宝镜X3 (退款)"
  referenceNo: "525"
  orderId: "f6932578-d257-4dfb-9868-03f6487d02bf"
  type: "Bill"
  Liabilities:CurrentLiabilities:AccountPayable
  referenceNo: "525"
  orderId: "f6932578-d257-4dfb-9868-03f6487d02bf"
  type: "Bill"
  sourceId: "f6932578-d257-4dfb-9868-03f6487d02bf"
  contact: "880 806 () [53b8789a-4451-4a1f-84f7-a9c5da7ada1a]"
2023-06-10 * "880 806 () [53b8789a-4451-4a1f-84f7-a9c5da7ada1a]" "Bill Payment for Bill #533 #822f2d9f-932a-4405-90a6-2eea15a5b666"
  Liabilities:CurrentLiabilities:AccountPayable 2389.88 HKD
  contact: "880 806 () [53b8789a-4451-4a1f-84f7-a9c5da7ada1a]"
  type: "Bill Payment"
  sourceId: "822f2d9f-932a-4405-90a6-2eea15a5b666"
  referenceNo: "533"
  orderId: "99d12fe7-405c-4e18-be83-e626cb7a4ab0"
  Assets:CurrentAssets:Bank:BocVisaCard-DavidBank -2389.88 HKD
  type: "Bill Payment"
  sourceId: "822f2d9f-932a-4405-90a6-2eea15a5b666"
  referenceNo: "533"
  orderId: "99d12fe7-405c-4e18-be83-e626cb7a4ab0"
2023-06-11 * "Bill #535 GENERAL EXP"
  referenceNo: "535"
  orderId: "616f12de-2212-472a-9df7-c8b302c06ae7"
  type: "Bill"
  Expenses:GeneralExpense:GeneralExpensesDirect 166.25 HKD
  qty: "1"
  description: "日本樱花油漆笔"
  referenceNo: "535"
  orderId: "616f12de-2212-472a-9df7-c8b302c06ae7"
  type: "Bill Item"
  sourceId: "e2463c77-0f03-4345-b616-8b89ddfe927e"
  Expenses:GeneralExpense:GeneralExpensesDirect 434.39 HKD
  qty: "1"
  description: "桌面接待盘"
  referenceNo: "535"
  orderId: "616f12de-2212-472a-9df7-c8b302c06ae7"
  type: "Bill Item"
  sourceId: "d3aa18d5-bd59-40df-89b5-113c1544ad1c"
  Expenses:GeneralExpense:GeneralExpensesDirect 19.93 HKD
  qty: "1"
  description: "纸杯架子"
  referenceNo: "535"
  orderId: "616f12de-2212-472a-9df7-c8b302c06ae7"
  type: "Bill Item"
  sourceId: "5130769f-c800-403e-be0a-40fd77bf1dce"
  Expenses:GeneralExpense:GeneralExpensesDirect 210.48 HKD
  qty: "1"
  description: "小圆盘"
  referenceNo: "535"
  orderId: "616f12de-2212-472a-9df7-c8b302c06ae7"
  type: "Bill Item"
  sourceId: "ad9c3f8d-e94d-4a52-94fb-df864fa35977"
  Liabilities:CurrentLiabilities:AccountPayable
  referenceNo: "535"
  orderId: "616f12de-2212-472a-9df7-c8b302c06ae7"
  type: "Bill"
  sourceId: "616f12de-2212-472a-9df7-c8b302c06ae7"
  contact: "880 806 () [53b8789a-4451-4a1f-84f7-a9c5da7ada1a]"
2023-06-11 * "880 806 () [53b8789a-4451-4a1f-84f7-a9c5da7ada1a]" "Bill Payment for Bill #535 #80896b59-bc2a-44e5-b9d9-677d2adf54c2"
  Liabilities:CurrentLiabilities:AccountPayable 831.05 HKD
  contact: "880 806 () [53b8789a-4451-4a1f-84f7-a9c5da7ada1a]"
  type: "Bill Payment"
  sourceId: "80896b59-bc2a-44e5-b9d9-677d2adf54c2"
  referenceNo: "535"
  orderId: "616f12de-2212-472a-9df7-c8b302c06ae7"
  Assets:CurrentAssets:Bank:BocVisaCard-DavidBank -831.05 HKD
  type: "Bill Payment"
  sourceId: "80896b59-bc2a-44e5-b9d9-677d2adf54c2"
  referenceNo: "535"
  orderId: "616f12de-2212-472a-9df7-c8b302c06ae7"
2023-06-12 * "880 806 () [53b8789a-4451-4a1f-84f7-a9c5da7ada1a]" "Bill Payment for Bill #407 #a37c5d82-c01d-4aba-81e7-48b1bdde2229"
  Liabilities:CurrentLiabilities:AccountPayable 410.00 HKD
  contact: "880 806 () [53b8789a-4451-4a1f-84f7-a9c5da7ada1a]"
  type: "Bill Payment"
  sourceId: "a37c5d82-c01d-4aba-81e7-48b1bdde2229"
  referenceNo: "407"
  orderId: "98eb8885-6092-4245-859d-a00b8bdae4e0"
  Assets:CurrentAssets:Bank:BocSavingBank -410.00 HKD
  type: "Bill Payment"
  sourceId: "a37c5d82-c01d-4aba-81e7-48b1bdde2229"
  referenceNo: "407"
  orderId: "98eb8885-6092-4245-859d-a00b8bdae4e0"
2023-06-12 * "Bill #536 GENERAL EXP"
  referenceNo: "536"
  orderId: "2ec63097-b502-46d0-a9c8-66ed0e32d1dc"
  type: "Bill"
  Expenses:GeneralExpense:GeneralExpensesDirect 25.99 HKD
  qty: "1"
  description: "金属漆 X 2"
  referenceNo: "536"
  orderId: "2ec63097-b502-46d0-a9c8-66ed0e32d1dc"
  type: "Bill Item"
  sourceId: "2a3ae9cd-98f5-4d58-8333-e2ef424ea167"
  Expenses:GeneralExpense:GeneralExpensesDirect 173.97 HKD
  qty: "1"
  description: "无线麦克风领夹"
  referenceNo: "536"
  orderId: "2ec63097-b502-46d0-a9c8-66ed0e32d1dc"
  type: "Bill Item"
  sourceId: "7346ab58-4e75-499c-b5fb-9662a9debb27"
  Expenses:GeneralExpense:GeneralExpensesDirect 12.27 HKD
  qty: "1"
  description: "一次性餐盒"
  referenceNo: "536"
  orderId: "2ec63097-b502-46d0-a9c8-66ed0e32d1dc"
  type: "Bill Item"
  sourceId: "17a1473d-c4c5-4ca4-8b1f-f7288e88a5db"
  Expenses:GeneralExpense:GeneralExpensesDirect 1770.94 HKD
  qty: "1"
  description: "吧台椅 x 2"
  referenceNo: "536"
  orderId: "2ec63097-b502-46d0-a9c8-66ed0e32d1dc"
  type: "Bill Item"
  sourceId: "f531c711-8f4f-4789-ac89-5bf440ef2654"
  Expenses:GeneralExpense:GeneralExpensesDirect 32.96 HKD
  qty: "1"
  description: "网纱窗网"
  referenceNo: "536"
  orderId: "2ec63097-b502-46d0-a9c8-66ed0e32d1dc"
  type: "Bill Item"
  sourceId: "292da5a8-1e5c-48bf-bc5b-7d66b55ba1e4"
  Expenses:GeneralExpense:GeneralExpensesDirect 120.44 HKD
  qty: "1"
  description: "剪彩彩带定制"
  referenceNo: "536"
  orderId: "2ec63097-b502-46d0-a9c8-66ed0e32d1dc"
  type: "Bill Item"
  sourceId: "624f7ffe-66c7-4e91-bb76-7865b1c72692"
  Expenses:GeneralExpense:GeneralExpensesDirect 69.14 HKD
  qty: "1"
  description: "推拉开补差价"
  referenceNo: "536"
  orderId: "2ec63097-b502-46d0-a9c8-66ed0e32d1dc"
  type: "Bill Item"
  sourceId: "54afaeaf-4b9f-40f9-8f98-d752e8f73f58"
  Expenses:GeneralExpense:GeneralExpensesDirect 160.58 HKD
  qty: "1"
  description: "剪刀"
  referenceNo: "536"
  orderId: "2ec63097-b502-46d0-a9c8-66ed0e32d1dc"
  type: "Bill Item"
  sourceId: "a247f87f-1532-4596-a6c0-da15de0177b3"
  Expenses:GeneralExpense:GeneralExpensesDirect 87.00 HKD
  qty: "1"
  description: "推拉开"
  referenceNo: "536"
  orderId: "2ec63097-b502-46d0-a9c8-66ed0e32d1dc"
  type: "Bill Item"
  sourceId: "1e7b068a-666b-4397-9531-3bfc8b5619e2"
  Expenses:GeneralExpense:GeneralExpensesDirect 28.99 HKD
  qty: "1"
  description: "皮革写字书桌垫"
  referenceNo: "536"
  orderId: "2ec63097-b502-46d0-a9c8-66ed0e32d1dc"
  type: "Bill Item"
  sourceId: "41c740d4-fc93-4740-91cf-c09882b4fa27"
  Expenses:GeneralExpense:WebErpDev 239.83 HKD
  qty: "1"
  description: "MIDJOURNEY INC. USD 30"
  referenceNo: "536"
  orderId: "2ec63097-b502-46d0-a9c8-66ed0e32d1dc"
  type: "Bill Item"
  sourceId: "ac857b5d-3aea-41de-a929-3c9b40ef8c9d"
  Liabilities:CurrentLiabilities:AccountPayable
  referenceNo: "536"
  orderId: "2ec63097-b502-46d0-a9c8-66ed0e32d1dc"
  type: "Bill"
  sourceId: "2ec63097-b502-46d0-a9c8-66ed0e32d1dc"
  contact: "880 806 () [53b8789a-4451-4a1f-84f7-a9c5da7ada1a]"
2023-06-12 * "880 806 () [53b8789a-4451-4a1f-84f7-a9c5da7ada1a]" "Bill Payment for Bill #536 #480f7777-9c5a-49de-8a1c-3bd8b3d8ec02"
  Liabilities:CurrentLiabilities:AccountPayable 2722.11 HKD
  contact: "880 806 () [53b8789a-4451-4a1f-84f7-a9c5da7ada1a]"
  type: "Bill Payment"
  sourceId: "480f7777-9c5a-49de-8a1c-3bd8b3d8ec02"
  referenceNo: "536"
  orderId: "2ec63097-b502-46d0-a9c8-66ed0e32d1dc"
  Assets:CurrentAssets:Bank:BocVisaCard-DavidBank -2722.11 HKD
  type: "Bill Payment"
  sourceId: "480f7777-9c5a-49de-8a1c-3bd8b3d8ec02"
  referenceNo: "536"
  orderId: "2ec63097-b502-46d0-a9c8-66ed0e32d1dc"
2023-06-12 * "Bill #407 EPS 23年5月手續費"
  referenceNo: "407"
  orderId: "98eb8885-6092-4245-859d-a00b8bdae4e0"
  type: "Bill"
  Expenses:GeneralExpense:BankFeesExpense 410.00 HKD
  qty: "1"
  description: "EPS 23年5月手續費"
  referenceNo: "407"
  orderId: "98eb8885-6092-4245-859d-a00b8bdae4e0"
  type: "Bill Item"
  sourceId: "22dae36e-fedb-43b8-816f-49ab93f90cd2"
  Liabilities:CurrentLiabilities:AccountPayable
  referenceNo: "407"
  orderId: "98eb8885-6092-4245-859d-a00b8bdae4e0"
  type: "Bill"
  sourceId: "98eb8885-6092-4245-859d-a00b8bdae4e0"
  contact: "880 806 () [53b8789a-4451-4a1f-84f7-a9c5da7ada1a]"
2023-06-13 * "Bill #398 march cake"
  referenceNo: "398"
  orderId: "7a0cebcc-a689-4e45-a0aa-40928685acdd"
  type: "Bill"
  Expenses:GeneralExpense:GeneralExpensesDirect 6150.00 HKD
  qty: "1"
  description: ""
  referenceNo: "398"
  orderId: "7a0cebcc-a689-4e45-a0aa-40928685acdd"
  type: "Bill Item"
  sourceId: "61a5762b-6ea7-46fb-a417-679a647ff63d"
  Liabilities:CurrentLiabilities:AccountPayable
  referenceNo: "398"
  orderId: "7a0cebcc-a689-4e45-a0aa-40928685acdd"
  type: "Bill"
  sourceId: "7a0cebcc-a689-4e45-a0aa-40928685acdd"
  contact: "880 806 () [53b8789a-4451-4a1f-84f7-a9c5da7ada1a]"
2023-06-13 * "880 806 () [53b8789a-4451-4a1f-84f7-a9c5da7ada1a]" "Bill Payment for Bill #398 #eb0e7c4e-b502-4b2d-acb2-40205815a209"
  Liabilities:CurrentLiabilities:AccountPayable 6150.00 HKD
  contact: "880 806 () [53b8789a-4451-4a1f-84f7-a9c5da7ada1a]"
  type: "Bill Payment"
  sourceId: "eb0e7c4e-b502-4b2d-acb2-40205815a209"
  referenceNo: "398"
  orderId: "7a0cebcc-a689-4e45-a0aa-40928685acdd"
  Assets:CurrentAssets:Bank:BocSavingBank -6150.00 HKD
  type: "Bill Payment"
  sourceId: "eb0e7c4e-b502-4b2d-acb2-40205815a209"
  referenceNo: "398"
  orderId: "7a0cebcc-a689-4e45-a0aa-40928685acdd"
2023-06-13 * "Bill #538 镜面贴纸"
  referenceNo: "538"
  orderId: "9c928028-4d9e-45a7-9419-507e375dfced"
  type: "Bill"
  Expenses:GeneralExpense:GeneralExpensesDirect 41.35 HKD
  qty: "1"
  description: "镜面贴纸"
  referenceNo: "538"
  orderId: "9c928028-4d9e-45a7-9419-507e375dfced"
  type: "Bill Item"
  sourceId: "2623ca88-6566-46dd-999f-248f05bb7e75"
  Liabilities:CurrentLiabilities:AccountPayable
  referenceNo: "538"
  orderId: "9c928028-4d9e-45a7-9419-507e375dfced"
  type: "Bill"
  sourceId: "9c928028-4d9e-45a7-9419-507e375dfced"
  contact: "880 806 () [53b8789a-4451-4a1f-84f7-a9c5da7ada1a]"
2023-06-13 * "880 806 () [53b8789a-4451-4a1f-84f7-a9c5da7ada1a]" "Bill Payment for Bill #538 #8ce30bbd-6d94-48fe-ab4d-261896ffbd16"
  Liabilities:CurrentLiabilities:AccountPayable 41.35 HKD
  contact: "880 806 () [53b8789a-4451-4a1f-84f7-a9c5da7ada1a]"
  type: "Bill Payment"
  sourceId: "8ce30bbd-6d94-48fe-ab4d-261896ffbd16"
  referenceNo: "538"
  orderId: "9c928028-4d9e-45a7-9419-507e375dfced"
  Assets:CurrentAssets:Bank:BocVisaCard-DavidBank -41.35 HKD
  type: "Bill Payment"
  sourceId: "8ce30bbd-6d94-48fe-ab4d-261896ffbd16"
  referenceNo: "538"
  orderId: "9c928028-4d9e-45a7-9419-507e375dfced"
2023-06-13 * "Bill #397 TO:CHING AH PRINTING "
  referenceNo: "397"
  orderId: "d5be83d5-ba56-45fd-ae04-18823be1902a"
  type: "Bill"
  Expenses:GeneralExpense:Packing 23550.00 HKD
  qty: "1"
  description: "TO:CHING AH PRINTING "
  referenceNo: "397"
  orderId: "d5be83d5-ba56-45fd-ae04-18823be1902a"
  type: "Bill Item"
  sourceId: "04ef0f10-9fe0-4f37-aa88-3ebbb52585a7"
  Liabilities:CurrentLiabilities:AccountPayable
  referenceNo: "397"
  orderId: "d5be83d5-ba56-45fd-ae04-18823be1902a"
  type: "Bill"
  sourceId: "d5be83d5-ba56-45fd-ae04-18823be1902a"
  contact: "880 806 () [53b8789a-4451-4a1f-84f7-a9c5da7ada1a]"
2023-06-13 * "880 806 () [53b8789a-4451-4a1f-84f7-a9c5da7ada1a]" "Bill Payment for Bill #397 #eaf8bc95-329d-4733-96ea-1d3b2953df06"
  Liabilities:CurrentLiabilities:AccountPayable 11775.00 HKD
  contact: "880 806 () [53b8789a-4451-4a1f-84f7-a9c5da7ada1a]"
  type: "Bill Payment"
  sourceId: "eaf8bc95-329d-4733-96ea-1d3b2953df06"
  referenceNo: "397"
  orderId: "d5be83d5-ba56-45fd-ae04-18823be1902a"
  Assets:CurrentAssets:Bank:BocSavingBank -11775.00 HKD
  type: "Bill Payment"
  sourceId: "eaf8bc95-329d-4733-96ea-1d3b2953df06"
  referenceNo: "397"
  orderId: "d5be83d5-ba56-45fd-ae04-18823be1902a"
2023-06-14 * "Bill #849 離職員工 5 - 6月 工資 (FINAL PAY)"
  referenceNo: "849"
  orderId: "922d8c5d-b013-4b4e-8cad-c21193025944"
  type: "Bill"
  Expenses:GeneralExpense:WagesAndSalaries 31742.00 HKD
  qty: "1"
  description: "離職員工 5-6月 工資"
  referenceNo: "849"
  orderId: "922d8c5d-b013-4b4e-8cad-c21193025944"
  type: "Bill Item"
  sourceId: "35448939-2ddb-4ed7-abc3-97ed3f6bc75c"
  Liabilities:CurrentLiabilities:AccountPayable
  referenceNo: "849"
  orderId: "922d8c5d-b013-4b4e-8cad-c21193025944"
  type: "Bill"
  sourceId: "922d8c5d-b013-4b4e-8cad-c21193025944"
  contact: "880 806 () [53b8789a-4451-4a1f-84f7-a9c5da7ada1a]"
2023-06-14 * "880 806 () [53b8789a-4451-4a1f-84f7-a9c5da7ada1a]" "Bill Payment for Bill #849 #ac11c0c4-ea92-431c-9370-73f9ab24f1a7"
  Liabilities:CurrentLiabilities:AccountPayable 31742.00 HKD
  contact: "880 806 () [53b8789a-4451-4a1f-84f7-a9c5da7ada1a]"
  type: "Bill Payment"
  sourceId: "ac11c0c4-ea92-431c-9370-73f9ab24f1a7"
  referenceNo: "849"
  orderId: "922d8c5d-b013-4b4e-8cad-c21193025944"
  Liabilities:CurrentLiabilities:CurrentAccount:C-a-MilrichElectronicsHkCoLtd -31742.00 HKD
  type: "Bill Payment"
  sourceId: "ac11c0c4-ea92-431c-9370-73f9ab24f1a7"
  referenceNo: "849"
  orderId: "922d8c5d-b013-4b4e-8cad-c21193025944"
2023-06-15 * "Bill #776 G17電費(2023-5月)"
  referenceNo: "776"
  orderId: "775a79cf-1d99-4687-87cf-ff2e5b12c376"
  type: "Bill"
  Expenses:GeneralExpense:ElectricityLightHeating 1191.00 HKD
  qty: "1"
  description: "G17電費(2023-5月)"
  referenceNo: "776"
  orderId: "775a79cf-1d99-4687-87cf-ff2e5b12c376"
  type: "Bill Item"
  sourceId: "da303d76-878a-4077-a98c-4251374f161a"
  Liabilities:CurrentLiabilities:AccountPayable
  referenceNo: "776"
  orderId: "775a79cf-1d99-4687-87cf-ff2e5b12c376"
  type: "Bill"
  sourceId: "775a79cf-1d99-4687-87cf-ff2e5b12c376"
  contact: "880 806 () [53b8789a-4451-4a1f-84f7-a9c5da7ada1a]"
2023-06-15 * "880 806 () [53b8789a-4451-4a1f-84f7-a9c5da7ada1a]" "Bill Payment for Bill #776 #df57cb2c-61d3-4d11-a781-d0502c8ef3c4"
  Liabilities:CurrentLiabilities:AccountPayable 1191.00 HKD
  contact: "880 806 () [53b8789a-4451-4a1f-84f7-a9c5da7ada1a]"
  type: "Bill Payment"
  sourceId: "df57cb2c-61d3-4d11-a781-d0502c8ef3c4"
  referenceNo: "776"
  orderId: "775a79cf-1d99-4687-87cf-ff2e5b12c376"
  Liabilities:CurrentLiabilities:CurrentAccount:C-a-MilrichElectronicsHkCoLtd -1191.00 HKD
  type: "Bill Payment"
  sourceId: "df57cb2c-61d3-4d11-a781-d0502c8ef3c4"
  referenceNo: "776"
  orderId: "775a79cf-1d99-4687-87cf-ff2e5b12c376"
2023-06-15 * "Bill #540 GENERAL EXP"
  referenceNo: "540"
  orderId: "325afb2a-0232-4b7d-b2e1-dc24c9bba6bf"
  type: "Bill"
  Expenses:GeneralExpense:GeneralExpensesDirect 94.21 HKD
  qty: "1"
  description: "包花网纱"
  referenceNo: "540"
  orderId: "325afb2a-0232-4b7d-b2e1-dc24c9bba6bf"
  type: "Bill Item"
  sourceId: "f24f13e1-3c31-4b2a-92bd-d154431c7a67"
  Expenses:GeneralExpense:GeneralExpensesDirect 478.82 HKD
  qty: "1"
  description: "红地毯"
  referenceNo: "540"
  orderId: "325afb2a-0232-4b7d-b2e1-dc24c9bba6bf"
  type: "Bill Item"
  sourceId: "97600f40-b84b-456b-a3f8-2d05b9ebc0b2"
  Liabilities:CurrentLiabilities:AccountPayable
  referenceNo: "540"
  orderId: "325afb2a-0232-4b7d-b2e1-dc24c9bba6bf"
  type: "Bill"
  sourceId: "325afb2a-0232-4b7d-b2e1-dc24c9bba6bf"
  contact: "880 806 () [53b8789a-4451-4a1f-84f7-a9c5da7ada1a]"
2023-06-15 * "880 806 () [53b8789a-4451-4a1f-84f7-a9c5da7ada1a]" "Bill Payment for Bill #540 #6456f44c-8507-4e3d-a115-bde128e0b036"
  Liabilities:CurrentLiabilities:AccountPayable 573.03 HKD
  contact: "880 806 () [53b8789a-4451-4a1f-84f7-a9c5da7ada1a]"
  type: "Bill Payment"
  sourceId: "6456f44c-8507-4e3d-a115-bde128e0b036"
  referenceNo: "540"
  orderId: "325afb2a-0232-4b7d-b2e1-dc24c9bba6bf"
  Assets:CurrentAssets:Bank:BocVisaCard-DavidBank -573.03 HKD
  type: "Bill Payment"
  sourceId: "6456f44c-8507-4e3d-a115-bde128e0b036"
  referenceNo: "540"
  orderId: "325afb2a-0232-4b7d-b2e1-dc24c9bba6bf"
2023-06-16 * "Bill #419 bank fee"
  referenceNo: "419"
  orderId: "b781caf5-18e7-45ae-8cb4-ea7f1d9c30ea"
  type: "Bill"
  Expenses:GeneralExpense:BankFeesExpense 5.00 HKD
  qty: "1"
  description: ""
  referenceNo: "419"
  orderId: "b781caf5-18e7-45ae-8cb4-ea7f1d9c30ea"
  type: "Bill Item"
  sourceId: "95a5be8f-e96c-49ce-b523-2201755cf051"
  Liabilities:CurrentLiabilities:AccountPayable
  referenceNo: "419"
  orderId: "b781caf5-18e7-45ae-8cb4-ea7f1d9c30ea"
  type: "Bill"
  sourceId: "b781caf5-18e7-45ae-8cb4-ea7f1d9c30ea"
  contact: "880 806 () [53b8789a-4451-4a1f-84f7-a9c5da7ada1a]"
2023-06-16 * "Bill #384 G17 ATD GSM 系統 "
  referenceNo: "384"
  orderId: "052ae43b-e2e3-45a7-836b-6b1fa51c9c60"
  type: "Bill"
  Expenses:GeneralExpense:TelephoneAndInternetAndAlarm 3312.00 HKD
  qty: "1"
  description: "G17 ATD GSM 系統 "
  referenceNo: "384"
  orderId: "052ae43b-e2e3-45a7-836b-6b1fa51c9c60"
  type: "Bill Item"
  sourceId: "0950bd2f-eb12-495d-b115-e2e6f2a83b53"
  Liabilities:CurrentLiabilities:AccountPayable
  referenceNo: "384"
  orderId: "052ae43b-e2e3-45a7-836b-6b1fa51c9c60"
  type: "Bill"
  sourceId: "052ae43b-e2e3-45a7-836b-6b1fa51c9c60"
  contact: "880 806 () [53b8789a-4451-4a1f-84f7-a9c5da7ada1a]"
2023-06-16 * "Bill #1492 重新送回來"
  referenceNo: "1492"
  orderId: "7dcfa486-eba6-4e65-9992-6c29d29cd65f"
  type: "Bill"
  Expenses:CostOfSales:Purchase:PurchaseItem:BuyGoldJewelry 2362.73 CNY
  category: "Gold Jewelry"
  sku: "DDFF23051204000000000035"
  qty: 1
  referenceNo: "1492"
  orderId: "7dcfa486-eba6-4e65-9992-6c29d29cd65f"
  type: "Bill Item"
  sourceId: "eb97bfc2-0360-4bf5-aeb1-fc5c3b2a585c"
  Liabilities:CurrentLiabilities:AccountPayable
  referenceNo: "1492"
  orderId: "7dcfa486-eba6-4e65-9992-6c29d29cd65f"
  type: "Bill"
  sourceId: "7dcfa486-eba6-4e65-9992-6c29d29cd65f"
  contact: "998 12345842 (粵豪珠寶) [d452a034-9f5a-4b05-b8d6-6e1c7ed56ec4]"
2023-06-16 * "880 806 () [53b8789a-4451-4a1f-84f7-a9c5da7ada1a]" "Bill Payment for Bill #384 #f8689d0d-9018-44f6-bec4-b2501ca5ac2c"
  Liabilities:CurrentLiabilities:AccountPayable 3312.00 HKD
  contact: "880 806 () [53b8789a-4451-4a1f-84f7-a9c5da7ada1a]"
  type: "Bill Payment"
  sourceId: "f8689d0d-9018-44f6-bec4-b2501ca5ac2c"
  referenceNo: "384"
  orderId: "052ae43b-e2e3-45a7-836b-6b1fa51c9c60"
  Assets:CurrentAssets:Bank:BocSavingBank -3312.00 HKD
  type: "Bill Payment"
  sourceId: "f8689d0d-9018-44f6-bec4-b2501ca5ac2c"
  referenceNo: "384"
  orderId: "052ae43b-e2e3-45a7-836b-6b1fa51c9c60"
2023-06-16 * "880 806 () [53b8789a-4451-4a1f-84f7-a9c5da7ada1a]" "Bill Payment for Bill #419 #4b11b946-f0b0-41a9-a038-d5542ebbf7ec"
  Liabilities:CurrentLiabilities:AccountPayable 5.00 HKD
  contact: "880 806 () [53b8789a-4451-4a1f-84f7-a9c5da7ada1a]"
  type: "Bill Payment"
  sourceId: "4b11b946-f0b0-41a9-a038-d5542ebbf7ec"
  referenceNo: "419"
  orderId: "b781caf5-18e7-45ae-8cb4-ea7f1d9c30ea"
  Assets:CurrentAssets:Bank:BocSavingBank -5.00 HKD
  type: "Bill Payment"
  sourceId: "4b11b946-f0b0-41a9-a038-d5542ebbf7ec"
  referenceNo: "419"
  orderId: "b781caf5-18e7-45ae-8cb4-ea7f1d9c30ea"
2023-06-16 * "Bill #534 4k单反手机微距镜头"
  referenceNo: "534"
  orderId: "955c4cce-128b-4b75-bef6-c4c256124dac"
  type: "Bill"
  Expenses:GeneralExpense:GeneralExpensesDirect 241.11 HKD
  qty: "1"
  description: "4k单反手机微距镜头"
  referenceNo: "534"
  orderId: "955c4cce-128b-4b75-bef6-c4c256124dac"
  type: "Bill Item"
  sourceId: "33c54f4c-9c94-451f-b0b1-d8d382cc3071"
  Liabilities:CurrentLiabilities:AccountPayable
  referenceNo: "534"
  orderId: "955c4cce-128b-4b75-bef6-c4c256124dac"
  type: "Bill"
  sourceId: "955c4cce-128b-4b75-bef6-c4c256124dac"
  contact: "880 806 () [53b8789a-4451-4a1f-84f7-a9c5da7ada1a]"
2023-06-16 * "880 806 () [53b8789a-4451-4a1f-84f7-a9c5da7ada1a]" "Bill Payment for Bill #534 #d4d5c59c-8664-440c-9d68-8e1dd936f752"
  Liabilities:CurrentLiabilities:AccountPayable 241.11 HKD
  contact: "880 806 () [53b8789a-4451-4a1f-84f7-a9c5da7ada1a]"
  type: "Bill Payment"
  sourceId: "d4d5c59c-8664-440c-9d68-8e1dd936f752"
  referenceNo: "534"
  orderId: "955c4cce-128b-4b75-bef6-c4c256124dac"
  Assets:CurrentAssets:Bank:BocVisaCard-DavidBank -241.11 HKD
  type: "Bill Payment"
  sourceId: "d4d5c59c-8664-440c-9d68-8e1dd936f752"
  referenceNo: "534"
  orderId: "955c4cce-128b-4b75-bef6-c4c256124dac"
2023-06-16 * "998 12345842 (粵豪珠寶) [d452a034-9f5a-4b05-b8d6-6e1c7ed56ec4]" "Bill Payment for Bill #1492 #508c7463-df3b-453f-a8f3-e41698aa11fa"
  Liabilities:CurrentLiabilities:AccountPayable 2362.73 CNY
  contact: "998 12345842 (粵豪珠寶) [d452a034-9f5a-4b05-b8d6-6e1c7ed56ec4]"
  type: "Bill Payment"
  sourceId: "508c7463-df3b-453f-a8f3-e41698aa11fa"
  referenceNo: "1492"
  orderId: "7dcfa486-eba6-4e65-9992-6c29d29cd65f"
  Assets:CurrentAssets:TradeDeposit:TradeDeposit-粵豪珠寶 -2362.73 CNY
  type: "Bill Payment"
  sourceId: "508c7463-df3b-453f-a8f3-e41698aa11fa"
  referenceNo: "1492"
  orderId: "7dcfa486-eba6-4e65-9992-6c29d29cd65f"
2023-06-17 * "Bill #541 家具配送"
  referenceNo: "541"
  orderId: "c512cd85-a2eb-4d7f-ad72-c329b628ceda"
  type: "Bill"
  Expenses:GeneralExpense:GeneralExpensesDirect 937.69 HKD
  qty: "1"
  description: "家具配送"
  referenceNo: "541"
  orderId: "c512cd85-a2eb-4d7f-ad72-c329b628ceda"
  type: "Bill Item"
  sourceId: "50ca2aef-5e25-4567-8e3b-d80c043e56d1"
  Liabilities:CurrentLiabilities:AccountPayable
  referenceNo: "541"
  orderId: "c512cd85-a2eb-4d7f-ad72-c329b628ceda"
  type: "Bill"
  sourceId: "c512cd85-a2eb-4d7f-ad72-c329b628ceda"
  contact: "880 806 () [53b8789a-4451-4a1f-84f7-a9c5da7ada1a]"
2023-06-17 * "880 806 () [53b8789a-4451-4a1f-84f7-a9c5da7ada1a]" "Bill Payment for Bill #541 #3d3733d7-99fe-41e8-81ff-cde12b1f18bc"
  Liabilities:CurrentLiabilities:AccountPayable 937.69 HKD
  contact: "880 806 () [53b8789a-4451-4a1f-84f7-a9c5da7ada1a]"
  type: "Bill Payment"
  sourceId: "3d3733d7-99fe-41e8-81ff-cde12b1f18bc"
  referenceNo: "541"
  orderId: "c512cd85-a2eb-4d7f-ad72-c329b628ceda"
  Assets:CurrentAssets:Bank:BocVisaCard-DavidBank -937.69 HKD
  type: "Bill Payment"
  sourceId: "3d3733d7-99fe-41e8-81ff-cde12b1f18bc"
  referenceNo: "541"
  orderId: "c512cd85-a2eb-4d7f-ad72-c329b628ceda"
2023-06-18 * "Bill #537 GENERAL EXP"
  referenceNo: "537"
  orderId: "3c5f09df-adce-4faa-9926-02ec4888aa76"
  type: "Bill"
  Expenses:GeneralExpense:GeneralExpensesDirect 127.41 HKD
  qty: "1"
  description: "标签机色带"
  referenceNo: "537"
  orderId: "3c5f09df-adce-4faa-9926-02ec4888aa76"
  type: "Bill Item"
  sourceId: "93f15dee-3683-4e70-8969-a12d7d913b38"
  Expenses:GeneralExpense:GeneralExpensesDirect 245.32 HKD
  qty: "1"
  description: "明信片卡片展示架"
  referenceNo: "537"
  orderId: "3c5f09df-adce-4faa-9926-02ec4888aa76"
  type: "Bill Item"
  sourceId: "44680f78-696d-48a0-8981-d8ef2b9dab1a"
  Liabilities:CurrentLiabilities:AccountPayable
  referenceNo: "537"
  orderId: "3c5f09df-adce-4faa-9926-02ec4888aa76"
  type: "Bill"
  sourceId: "3c5f09df-adce-4faa-9926-02ec4888aa76"
  contact: "880 806 () [53b8789a-4451-4a1f-84f7-a9c5da7ada1a]"
2023-06-18 * "880 806 () [53b8789a-4451-4a1f-84f7-a9c5da7ada1a]" "Bill Payment for Bill #537 #cba1e916-ecbc-477d-b9e0-408447a830e2"
  Liabilities:CurrentLiabilities:AccountPayable 372.73 HKD
  contact: "880 806 () [53b8789a-4451-4a1f-84f7-a9c5da7ada1a]"
  type: "Bill Payment"
  sourceId: "cba1e916-ecbc-477d-b9e0-408447a830e2"
  referenceNo: "537"
  orderId: "3c5f09df-adce-4faa-9926-02ec4888aa76"
  Assets:CurrentAssets:Bank:BocVisaCard-DavidBank -372.73 HKD
  type: "Bill Payment"
  sourceId: "cba1e916-ecbc-477d-b9e0-408447a830e2"
  referenceNo: "537"
  orderId: "3c5f09df-adce-4faa-9926-02ec4888aa76"
2023-06-19 * "Bill #158 G17 7月2023 租金"
  referenceNo: "158"
  orderId: "a2e41d28-7a10-49c1-ad71-54375f50aba6"
  type: "Bill"
  Expenses:GeneralExpense:Rent 48000.00 HKD
  qty: "1"
  description: "G17 7月租金"
  referenceNo: "158"
  orderId: "a2e41d28-7a10-49c1-ad71-54375f50aba6"
  type: "Bill Item"
  sourceId: "00c2372a-6562-4076-952d-3539c763e258"
  Liabilities:CurrentLiabilities:AccountPayable
  referenceNo: "158"
  orderId: "a2e41d28-7a10-49c1-ad71-54375f50aba6"
  type: "Bill"
  sourceId: "a2e41d28-7a10-49c1-ad71-54375f50aba6"
  contact: "880 806 () [53b8789a-4451-4a1f-84f7-a9c5da7ada1a]"
2023-06-19 * "880 806 () [53b8789a-4451-4a1f-84f7-a9c5da7ada1a]" "Bill Payment for Bill #158 #941d2c6c-5b6e-4a6d-938e-81db9f545048"
  Liabilities:CurrentLiabilities:AccountPayable 48000.00 HKD
  contact: "880 806 () [53b8789a-4451-4a1f-84f7-a9c5da7ada1a]"
  type: "Bill Payment"
  sourceId: "941d2c6c-5b6e-4a6d-938e-81db9f545048"
  referenceNo: "158"
  orderId: "a2e41d28-7a10-49c1-ad71-54375f50aba6"
  Assets:CurrentAssets:Bank:BocCurrentBank -48000.00 HKD
  type: "Bill Payment"
  sourceId: "941d2c6c-5b6e-4a6d-938e-81db9f545048"
  referenceNo: "158"
  orderId: "a2e41d28-7a10-49c1-ad71-54375f50aba6"
2023-06-20 * "Bill #1105 G17 首飾盤運費"
  referenceNo: "1105"
  orderId: "93c3d013-ee4b-4858-acc9-dbdd5e3a249b"
  type: "Bill"
  Expenses:GeneralExpense:TransportationAndCourier 1557.00 HKD
  qty: "1"
  description: "G17 首飾盤運費"
  referenceNo: "1105"
  orderId: "93c3d013-ee4b-4858-acc9-dbdd5e3a249b"
  type: "Bill Item"
  sourceId: "35e18a0a-9f55-419a-9389-8fec15c85c02"
  Expenses:GeneralExpense:TransportationAndCourier 244.00 HKD
  qty: "1"
  description: "G17 首飾盤運費"
  referenceNo: "1105"
  orderId: "93c3d013-ee4b-4858-acc9-dbdd5e3a249b"
  type: "Bill Item"
  sourceId: "db20ae73-ced7-40d3-a817-1f7f37602d27"
  Expenses:GeneralExpense:TransportationAndCourier 223.00 HKD
  qty: "1"
  description: "G17 首飾盤運費"
  referenceNo: "1105"
  orderId: "93c3d013-ee4b-4858-acc9-dbdd5e3a249b"
  type: "Bill Item"
  sourceId: "281d5218-ee3b-47d0-95ac-8f46fce96586"
  Liabilities:CurrentLiabilities:AccountPayable
  referenceNo: "1105"
  orderId: "93c3d013-ee4b-4858-acc9-dbdd5e3a249b"
  type: "Bill"
  sourceId: "93c3d013-ee4b-4858-acc9-dbdd5e3a249b"
  contact: "880 806 () [53b8789a-4451-4a1f-84f7-a9c5da7ada1a]"
2023-06-20 * "Bill #808 G17 云石 和 首飾盒運費"
  referenceNo: "808"
  orderId: "b2136b2b-791e-419c-b4d6-7c52f41fef23"
  type: "Bill"
  Expenses:GeneralExpense:TransportationAndCourier 1557.00 HKD
  qty: "1"
  description: "G17 首飾盒運費"
  referenceNo: "808"
  orderId: "b2136b2b-791e-419c-b4d6-7c52f41fef23"
  type: "Bill Item"
  sourceId: "af8563df-bea3-477f-b3f3-f0ad62a643ff"
  Expenses:GeneralExpense:TransportationAndCourier 244.00 HKD
  qty: "1"
  description: "G17 首飾盤運費"
  referenceNo: "808"
  orderId: "b2136b2b-791e-419c-b4d6-7c52f41fef23"
  type: "Bill Item"
  sourceId: "7742445f-a512-4143-bad8-bd36405d3e07"
  Expenses:GeneralExpense:TransportationAndCourier 223.00 HKD
  qty: "1"
  description: "G17 首飾盤運費"
  referenceNo: "808"
  orderId: "b2136b2b-791e-419c-b4d6-7c52f41fef23"
  type: "Bill Item"
  sourceId: "f7541dcc-2381-436b-b1ce-d7bd6e5b1dd0"
  Expenses:GeneralExpense:TransportationAndCourier 220.00 HKD
  qty: "1"
  description: "云石運費"
  referenceNo: "808"
  orderId: "b2136b2b-791e-419c-b4d6-7c52f41fef23"
  type: "Bill Item"
  sourceId: "d95488cb-133f-4b95-9700-b8cd6c9b7bb0"
  Liabilities:CurrentLiabilities:AccountPayable
  referenceNo: "808"
  orderId: "b2136b2b-791e-419c-b4d6-7c52f41fef23"
  type: "Bill"
  sourceId: "b2136b2b-791e-419c-b4d6-7c52f41fef23"
  contact: "880 806 () [53b8789a-4451-4a1f-84f7-a9c5da7ada1a]"
2023-06-20 * "Assets:CurrentAssets:Bank:KpayBank" "Invoice Payment for Invoice #92 #cfb828d5-4167-4aa4-8515-72887f30d09b"
  Assets:CurrentAssets:Bank:KpayBank 2000.00 HKD
  type: "Invoice Payment"
  sourceId: "cfb828d5-4167-4aa4-8515-72887f30d09b"
  referenceNo: "92"
  orderId: "b6e59039-a725-4867-8c9d-f2c88ca516ec"
  Assets:CurrentAssets:AccountReceivable -2000.00 HKD
  type: "Invoice Payment"
  sourceId: "cfb828d5-4167-4aa4-8515-72887f30d09b"
  referenceNo: "92"
  orderId: "b6e59039-a725-4867-8c9d-f2c88ca516ec"
  contact: "86 13881963797 (MR.WANG) [edc89e2a-0118-4ae0-8acf-5267d634ee45]"
2023-06-20 * "880 806 () [53b8789a-4451-4a1f-84f7-a9c5da7ada1a]" "Bill Payment for Bill #1105 #94560670-3e00-4b97-9ba3-e4075a4be166"
  Liabilities:CurrentLiabilities:AccountPayable 1557.00 HKD
  contact: "880 806 () [53b8789a-4451-4a1f-84f7-a9c5da7ada1a]"
  type: "Bill Payment"
  sourceId: "94560670-3e00-4b97-9ba3-e4075a4be166"
  referenceNo: "1105"
  orderId: "93c3d013-ee4b-4858-acc9-dbdd5e3a249b"
  Liabilities:CurrentLiabilities:CurrentAccount:C-a-MilrichElectronicsHkCoLtd -1557.00 HKD
  type: "Bill Payment"
  sourceId: "94560670-3e00-4b97-9ba3-e4075a4be166"
  referenceNo: "1105"
  orderId: "93c3d013-ee4b-4858-acc9-dbdd5e3a249b"
2023-06-20 * "880 806 () [53b8789a-4451-4a1f-84f7-a9c5da7ada1a]" "Bill Payment for Bill #808 #ce05ae18-2e69-4d14-9d68-be462001bf85"
  Liabilities:CurrentLiabilities:AccountPayable 2244.00 HKD
  contact: "880 806 () [53b8789a-4451-4a1f-84f7-a9c5da7ada1a]"
  type: "Bill Payment"
  sourceId: "ce05ae18-2e69-4d14-9d68-be462001bf85"
  referenceNo: "808"
  orderId: "b2136b2b-791e-419c-b4d6-7c52f41fef23"
  Liabilities:CurrentLiabilities:CurrentAccount:C-a-MilrichElectronicsHkCoLtd -2244.00 HKD
  type: "Bill Payment"
  sourceId: "ce05ae18-2e69-4d14-9d68-be462001bf85"
  referenceNo: "808"
  orderId: "b2136b2b-791e-419c-b4d6-7c52f41fef23"
2023-06-20 * "Bill #532 GENERAL EXP"
  referenceNo: "532"
  orderId: "0b151aac-782c-4a38-9a9b-011aa3af60a7"
  type: "Bill"
  Expenses:GeneralExpense:GeneralExpensesDirect 1266.42 HKD
  qty: "1"
  description: "珠宝标签+颈挂式耳麦对讲"
  referenceNo: "532"
  orderId: "0b151aac-782c-4a38-9a9b-011aa3af60a7"
  type: "Bill Item"
  sourceId: "9b50d222-c82b-40f0-82a7-aacd9528c7dd"
  Expenses:GeneralExpense:GeneralExpensesDirect 283.89 HKD
  qty: "1"
  description: "对讲机"
  referenceNo: "532"
  orderId: "0b151aac-782c-4a38-9a9b-011aa3af60a7"
  type: "Bill Item"
  sourceId: "d041b2e9-eeb0-4074-bd58-3468476eab8d"
  Liabilities:CurrentLiabilities:AccountPayable
  referenceNo: "532"
  orderId: "0b151aac-782c-4a38-9a9b-011aa3af60a7"
  type: "Bill"
  sourceId: "0b151aac-782c-4a38-9a9b-011aa3af60a7"
  contact: "880 806 () [53b8789a-4451-4a1f-84f7-a9c5da7ada1a]"
2023-06-20 * "880 806 () [53b8789a-4451-4a1f-84f7-a9c5da7ada1a]" "Bill Payment for Bill #532 #08c2e67f-2061-4194-adb9-77827dd4991f"
  Liabilities:CurrentLiabilities:AccountPayable 1550.31 HKD
  contact: "880 806 () [53b8789a-4451-4a1f-84f7-a9c5da7ada1a]"
  type: "Bill Payment"
  sourceId: "08c2e67f-2061-4194-adb9-77827dd4991f"
  referenceNo: "532"
  orderId: "0b151aac-782c-4a38-9a9b-011aa3af60a7"
  Assets:CurrentAssets:Bank:BocVisaCard-DavidBank -1550.31 HKD
  type: "Bill Payment"
  sourceId: "08c2e67f-2061-4194-adb9-77827dd4991f"
  referenceNo: "532"
  orderId: "0b151aac-782c-4a38-9a9b-011aa3af60a7"
2023-06-20 * "Bill #161 6月2023MPF"
  referenceNo: "161"
  orderId: "4b22332a-9e7c-4dd2-919f-8cb4ce969b12"
  type: "Bill"
  Expenses:GeneralExpense:Mpf 924.70 HKD
  qty: "1"
  description: "6月2023MPF"
  referenceNo: "161"
  orderId: "4b22332a-9e7c-4dd2-919f-8cb4ce969b12"
  type: "Bill Item"
  sourceId: "6dd2ba7d-7c20-4937-be73-1bbbae639d93"
  Liabilities:CurrentLiabilities:AccountPayable
  referenceNo: "161"
  orderId: "4b22332a-9e7c-4dd2-919f-8cb4ce969b12"
  type: "Bill"
  sourceId: "4b22332a-9e7c-4dd2-919f-8cb4ce969b12"
  contact: "880 806 () [53b8789a-4451-4a1f-84f7-a9c5da7ada1a]"
2023-06-20 * "880 806 () [53b8789a-4451-4a1f-84f7-a9c5da7ada1a]" "Bill Payment for Bill #161 #18105457-43be-49aa-af78-653662ea520d"
  Liabilities:CurrentLiabilities:AccountPayable 924.70 HKD
  contact: "880 806 () [53b8789a-4451-4a1f-84f7-a9c5da7ada1a]"
  type: "Bill Payment"
  sourceId: "18105457-43be-49aa-af78-653662ea520d"
  referenceNo: "161"
  orderId: "4b22332a-9e7c-4dd2-919f-8cb4ce969b12"
  Assets:CurrentAssets:Bank:BocCurrentBank -924.70 HKD
  type: "Bill Payment"
  sourceId: "18105457-43be-49aa-af78-653662ea520d"
  referenceNo: "161"
  orderId: "4b22332a-9e7c-4dd2-919f-8cb4ce969b12"
2023-06-20 * "Invoice #92 "
  Income:Sales:SalesItem:SellGoldJewelry -2000.00 HKD
  category: "Gold Jewelry"
  sku: "DDFF23051706000000000012"
  qty: 1
  referenceNo: "92"
  orderId: "b6e59039-a725-4867-8c9d-f2c88ca516ec"
  type: "Invoice Item"
  sourceId: "b40968da-9cb4-4909-aba3-85ca090b8bbf"
  Assets:CurrentAssets:AccountReceivable
  referenceNo: "92"
  orderId: "b6e59039-a725-4867-8c9d-f2c88ca516ec"
  type: "Invoice"
  sourceId: "b6e59039-a725-4867-8c9d-f2c88ca516ec"
  contact: "86 13881963797 (MR.WANG) [edc89e2a-0118-4ae0-8acf-5267d634ee45]"
2023-06-21 * "Bill #545 ✱ 230011 交gia石和介托鑲貨 (INV#235) 合併model"
  referenceNo: "545"
  orderId: "537021de-b4db-4c06-a487-8c139697c5ef"
  type: "Bill"
  Assets:CurrentAssets:ShopInventory:Jewelry 26858.00 HKD
  category: "Jewelry"
  sku: "DDFF23062105000000000004"
  qty: 1
  referenceNo: "545"
  orderId: "537021de-b4db-4c06-a487-8c139697c5ef"
  type: "Bill Item"
  sourceId: "f8fa2bf2-c7e3-4b86-960f-95335b869b16"
  Assets:CurrentAssets:ShopInventory:Jewelry 74367.08 HKD
  category: "Jewelry"
  sku: "DDFF23062105000000000003"
  qty: 1
  referenceNo: "545"
  orderId: "537021de-b4db-4c06-a487-8c139697c5ef"
  type: "Bill Item"
  sourceId: "e5c62552-d301-45da-8ed4-ba25676b20cb"
  Assets:CurrentAssets:ShopInventory:Jewelry 43989.00 HKD
  category: "Jewelry"
  sku: "DDFF23062105000000000001"
  qty: 1
  referenceNo: "545"
  orderId: "537021de-b4db-4c06-a487-8c139697c5ef"
  type: "Bill Item"
  sourceId: "8ab0a76f-2f3d-4a65-8cc3-bd9f80a075d2"
  Assets:CurrentAssets:ShopInventory:Jewelry 96613.00 HKD
  category: "Jewelry"
  sku: "DDFF23062105000000000002"
  qty: 1
  referenceNo: "545"
  orderId: "537021de-b4db-4c06-a487-8c139697c5ef"
  type: "Bill Item"
  sourceId: "cfbf8f74-6a0e-41bf-b896-998d34696ee6"
  Assets:CurrentAssets:ShopInventory:Jewelry 22340.00 HKD
  category: "Jewelry"
  sku: "DDFF23062105000000000005"
  qty: 1
  referenceNo: "545"
  orderId: "537021de-b4db-4c06-a487-8c139697c5ef"
  type: "Bill Item"
  sourceId: "56f93ec9-38b1-4b40-a6e9-ae4ec12daf2a"
  Assets:CurrentAssets:ShopInventory:NaturalDiamond -19897.00 HKD
  category: "Natural Diamond"
  sku: "DDFFFFFF0800006431149744"
  qty: -1
  referenceNo: "545"
  orderId: "537021de-b4db-4c06-a487-8c139697c5ef"
  type: "Bill Item"
  sourceId: "6e881f95-f55f-4e1c-a30f-6322feb04591"
  Assets:CurrentAssets:ShopInventory:Jewelry -2143.00 HKD
  category: "Ring Setting"
  sku: "DDFFFFFF0B00000000000047"
  qty: -1
  referenceNo: "545"
  orderId: "537021de-b4db-4c06-a487-8c139697c5ef"
  type: "Bill Item"
  sourceId: "148dfb6b-22fa-4095-9265-37bf3faa5251"
  Assets:CurrentAssets:ShopInventory:NaturalDiamond -24052.00 HKD
  category: "Natural Diamond"
  sku: "DDFFFFFF0800002426545638"
  qty: -1
  referenceNo: "545"
  orderId: "537021de-b4db-4c06-a487-8c139697c5ef"
  type: "Bill Item"
  sourceId: "0c1c060f-9525-4eeb-a642-10e08c0e86c2"
  Assets:CurrentAssets:ShopInventory:Jewelry -2506.00 HKD
  category: "Ring Setting"
  sku: "DDFFFFFF0B00000000000013"
  qty: -1
  referenceNo: "545"
  orderId: "537021de-b4db-4c06-a487-8c139697c5ef"
  type: "Bill Item"
  sourceId: "f9b23c8a-6a6c-40ce-94f1-ae172f5dd9f9"
  Assets:CurrentAssets:ShopInventory:NaturalDiamond -11382.00 HKD
  category: "Natural Diamond"
  sku: "DDFFFFFF0800007421720166"
  qty: -1
  referenceNo: "545"
  orderId: "537021de-b4db-4c06-a487-8c139697c5ef"
  type: "Bill Item"
  sourceId: "87f1f4e7-d611-4066-b2d1-de81fc60a260"
  Assets:CurrentAssets:ShopInventory:Jewelry -1979.00 HKD
  category: "Ring Setting"
  sku: "DDFFFFFF0B00000000000073"
  qty: -1
  referenceNo: "545"
  orderId: "537021de-b4db-4c06-a487-8c139697c5ef"
  type: "Bill Item"
  sourceId: "307314af-709b-46bc-8aab-c9f3fea3e420"
  Assets:CurrentAssets:ShopInventory:NaturalDiamond -71001.08 HKD
  category: "Natural Diamond"
  sku: "DDFFFFFF0800006425359619"
  qty: -1
  referenceNo: "545"
  orderId: "537021de-b4db-4c06-a487-8c139697c5ef"
  type: "Bill Item"
  sourceId: "347effb5-09d8-4e9c-bfa2-f267c1135e47"
  Assets:CurrentAssets:ShopInventory:Jewelry -3016.00 HKD
  category: "Ring Setting"
  sku: "DDFFFFFF0B00000000000011"
  qty: -1
  referenceNo: "545"
  orderId: "537021de-b4db-4c06-a487-8c139697c5ef"
  type: "Bill Item"
  sourceId: "c3707bcf-44f4-4be4-b06b-095155ac594d"
  Assets:CurrentAssets:ShopInventory:NaturalDiamond -40354.00 HKD
  category: "Natural Diamond"
  sku: "DDFFFFFF0800007426826689"
  qty: -1
  referenceNo: "545"
  orderId: "537021de-b4db-4c06-a487-8c139697c5ef"
  type: "Bill Item"
  sourceId: "c9458bf1-a91b-4c04-a247-afacfa022758"
  Assets:CurrentAssets:ShopInventory:Jewelry -3285.00 HKD
  category: "Ring Setting"
  sku: "DDFFFFFF0B00000000000062"
  qty: -1
  referenceNo: "545"
  orderId: "537021de-b4db-4c06-a487-8c139697c5ef"
  type: "Bill Item"
  sourceId: "35669c8e-41e6-4bf8-8379-2ce957cd3106"
  Assets:CurrentAssets:ShopInventory:NaturalDiamond -94363.00 HKD
  category: "Natural Diamond"
  sku: "DDFFFFFF0800006371353342"
  qty: -1
  referenceNo: "545"
  orderId: "537021de-b4db-4c06-a487-8c139697c5ef"
  type: "Bill Item"
  sourceId: "977e1236-a66d-4706-875e-41898cc03d7a"
  Assets:CurrentAssets:ShopInventory:Jewelry -1800.00 HKD
  category: "Ring Setting"
  sku: "DDFFFFFF0B00000000000003"
  qty: -1
  referenceNo: "545"
  orderId: "537021de-b4db-4c06-a487-8c139697c5ef"
  type: "Bill Item"
  sourceId: "5e69f023-82d2-4289-9343-34b2ff3a84e9"
  Assets:CurrentAssets:ShopInventory:Jewelry 13661.00 HKD
  category: "Jewelry"
  sku: "DDFF23062105000000000006"
  qty: 1
  referenceNo: "545"
  orderId: "537021de-b4db-4c06-a487-8c139697c5ef"
  type: "Bill Item"
  sourceId: "6cce7c40-7a04-4bf4-98a6-0d79937cc0dd"
  Expenses:CostOfSales:Purchase:PurchaseItem:BuyBespoke 0.00 HKD
  qty: "0"
  description: "COST BREAKDOWN RG2305 : 
6431149744 (HKD 19897)
DDFFFFFF0B00000000000047 / S0072 (HKD 2143)
PROCESS FEE (HKD 300) = HKD 22340"
  referenceNo: "545"
  orderId: "537021de-b4db-4c06-a487-8c139697c5ef"
  type: "Bill Item"
  sourceId: "1d652cef-21b2-40a4-86db-cf9c8fb22b33"
  Expenses:CostOfSales:Purchase:PurchaseItem:BuyBespoke 0.00 HKD
  qty: "0"
  description: "COST BREAKDOWN RG2304 :
 2426545638 (HKD 24052)
DDFFFFFF0B00000000000013 / S0035 (HKD 2506)
PROCESS FEE (HKD 300) = HKD 26858"
  referenceNo: "545"
  orderId: "537021de-b4db-4c06-a487-8c139697c5ef"
  type: "Bill Item"
  sourceId: "8ef4868c-5730-433c-bc33-467978452e40"
  Expenses:CostOfSales:Purchase:PurchaseItem:BuyBespoke 0.00 HKD
  qty: "0"
  description: "COST BREAKDOWN RG2306 :
7421720166 (HKD 11382)
DDFFFFFF0B00000000000073 / S0066 (HKD 1979)
PROCESS FEE (HKD 300) = HKD 13661"
  referenceNo: "545"
  orderId: "537021de-b4db-4c06-a487-8c139697c5ef"
  type: "Bill Item"
  sourceId: "4b1c634f-5abb-46b8-9a39-90af9ec5a0c6"
  Expenses:CostOfSales:Purchase:PurchaseItem:BuyBespoke 0.00 HKD
  qty: "0"
  description: "COST BREAKDOWN RG2303 :
6425359619 (HKD 71001.08)
DDFFFFFF0B00000000000011 / S0029 (HKD 3016)
PROCESS FEE (HKD 350) = HKD 74367.08"
  referenceNo: "545"
  orderId: "537021de-b4db-4c06-a487-8c139697c5ef"
  type: "Bill Item"
  sourceId: "1b50e213-3dfd-4d8e-83c1-133cf0ececa4"
  Expenses:CostOfSales:Purchase:PurchaseItem:BuyBespoke 0.00 HKD
  qty: "0"
  description: "COST BREAKDOWN RG2301 :
7426826689 (HKD 40354)
DDFFFFFF0B00000000000062 / S0006 (HKD 3285)
PROCESS FEE (HKD 350) = HKD 43989"
  referenceNo: "545"
  orderId: "537021de-b4db-4c06-a487-8c139697c5ef"
  type: "Bill Item"
  sourceId: "3bb3ba63-9343-4a0f-8409-448491744a87"
  Expenses:CostOfSales:Purchase:PurchaseItem:BuyBespoke 0.00 HKD
  qty: "0"
  description: "COST BREAKDOWN RG2302 :
6371353342 (HKD 94363)
DDFFFFFF0B00000000000003 / S0003 (HKD 1800)
PROCESS FEE (HKD 450) = HKD 96613"
  referenceNo: "545"
  orderId: "537021de-b4db-4c06-a487-8c139697c5ef"
  type: "Bill Item"
  sourceId: "3d50ddb4-6acd-486c-8c7b-a59adc1a5bd1"
  Expenses:CostOfSales:Purchase:PurchaseItem:BuyCost-ProcessingFee -300.00 HKD
  category: "Other"
  sku: "Processing 089"
  qty: -1
  referenceNo: "545"
  orderId: "537021de-b4db-4c06-a487-8c139697c5ef"
  type: "Bill Item"
  sourceId: "1193f4ee-7579-498c-8eb4-942bdbd01b04"
  Expenses:CostOfSales:Purchase:PurchaseItem:BuyCost-ProcessingFee -300.00 HKD
  category: "Other"
  sku: "Processing 090"
  qty: -1
  referenceNo: "545"
  orderId: "537021de-b4db-4c06-a487-8c139697c5ef"
  type: "Bill Item"
  sourceId: "0d5b6c84-54d8-495c-bda4-2e2ec38ae8bc"
  Expenses:CostOfSales:Purchase:PurchaseItem:BuyCost-ProcessingFee -300.00 HKD
  category: "Other"
  sku: "Processing 094"
  qty: -1
  referenceNo: "545"
  orderId: "537021de-b4db-4c06-a487-8c139697c5ef"
  type: "Bill Item"
  sourceId: "250a6f73-ae04-4f9f-9773-0dd955e2f000"
  Expenses:CostOfSales:Purchase:PurchaseItem:BuyCost-ProcessingFee -350.00 HKD
  category: "Other"
  sku: "Processing 091"
  qty: -1
  referenceNo: "545"
  orderId: "537021de-b4db-4c06-a487-8c139697c5ef"
  type: "Bill Item"
  sourceId: "b54c70fb-995b-4fac-8e7b-cfc091423a10"
  Expenses:CostOfSales:Purchase:PurchaseItem:BuyCost-ProcessingFee -350.00 HKD
  category: "Other"
  sku: "Processing 093"
  qty: -1
  referenceNo: "545"
  orderId: "537021de-b4db-4c06-a487-8c139697c5ef"
  type: "Bill Item"
  sourceId: "c49a4d6f-94f0-4814-bcf8-b3a8ffe9026d"
  Expenses:CostOfSales:Purchase:PurchaseItem:BuyCost-ProcessingFee -450.00 HKD
  category: "Other"
  sku: "Processing 092"
  qty: -1
  referenceNo: "545"
  orderId: "537021de-b4db-4c06-a487-8c139697c5ef"
  type: "Bill Item"
  sourceId: "e99bdd92-ef4b-4920-8c20-1059071275de"
  Expenses:CostOfSales:Purchase:PurchaseItem:BuyCost-ProcessingFee 300.00 HKD
  category: "Other"
  sku: "Processing 089"
  qty: 1
  referenceNo: "545"
  orderId: "537021de-b4db-4c06-a487-8c139697c5ef"
  type: "Bill Item"
  sourceId: "4e68a863-b35a-415b-b11f-004dda8e36b2"
  Expenses:CostOfSales:Purchase:PurchaseItem:BuyCost-ProcessingFee 300.00 HKD
  category: "Other"
  sku: "Processing 090"
  qty: 1
  referenceNo: "545"
  orderId: "537021de-b4db-4c06-a487-8c139697c5ef"
  type: "Bill Item"
  sourceId: "81df2193-09b4-4a3b-b19a-b45f778b0e7c"
  Expenses:CostOfSales:Purchase:PurchaseItem:BuyCost-ProcessingFee 300.00 HKD
  category: "Other"
  sku: "Processing 094"
  qty: 1
  referenceNo: "545"
  orderId: "537021de-b4db-4c06-a487-8c139697c5ef"
  type: "Bill Item"
  sourceId: "5ba44285-c980-4466-bc20-96b134037ebc"
  Expenses:CostOfSales:Purchase:PurchaseItem:BuyCost-ProcessingFee 350.00 HKD
  category: "Other"
  sku: "Processing 091"
  qty: 1
  referenceNo: "545"
  orderId: "537021de-b4db-4c06-a487-8c139697c5ef"
  type: "Bill Item"
  sourceId: "ec23f1bd-6335-4f85-a906-49f187998fb0"
  Expenses:CostOfSales:Purchase:PurchaseItem:BuyCost-ProcessingFee 350.00 HKD
  category: "Other"
  sku: "Processing 093"
  qty: 1
  referenceNo: "545"
  orderId: "537021de-b4db-4c06-a487-8c139697c5ef"
  type: "Bill Item"
  sourceId: "1e75e3dd-d838-4562-bc1b-2512b88ca870"
  Expenses:CostOfSales:Purchase:PurchaseItem:BuyCost-ProcessingFee 450.00 HKD
  category: "Other"
  sku: "Processing 092"
  qty: 1
  referenceNo: "545"
  orderId: "537021de-b4db-4c06-a487-8c139697c5ef"
  type: "Bill Item"
  sourceId: "1e3ba38e-6f7b-4344-933f-365d88b0b06d"
  Liabilities:CurrentLiabilities:AccountPayable
  referenceNo: "545"
  orderId: "537021de-b4db-4c06-a487-8c139697c5ef"
  type: "Bill"
  sourceId: "537021de-b4db-4c06-a487-8c139697c5ef"
  contact: "998 12345767 (SkyHighHoldingsGroupLtd) [efdca012-5d6e-4361-8ec7-f5566615d58a]"
2023-06-21 * "Bill #576 做托 S0085"
  referenceNo: "576"
  orderId: "66c7ea5a-9a74-432a-884f-3716e4831df5"
  type: "Bill"
  Expenses:CostOfSales:Purchase:PurchaseItem:Buy18kJewelry 2135.00 HKD
  category: "Ring Setting"
  sku: "DDFF2307050B000000000163"
  qty: 1
  referenceNo: "576"
  orderId: "66c7ea5a-9a74-432a-884f-3716e4831df5"
  type: "Bill Item"
  sourceId: "379d352f-7de5-43ea-98f6-9303d4655160"
  Liabilities:CurrentLiabilities:AccountPayable
  referenceNo: "576"
  orderId: "66c7ea5a-9a74-432a-884f-3716e4831df5"
  type: "Bill"
  sourceId: "66c7ea5a-9a74-432a-884f-3716e4831df5"
  contact: "998 12345841 (俊景珠寶有限公司) [7de5c35d-22af-47a5-bb17-87d474352f46]"
2023-06-21 * "Bill #624 ✱ 230011, 230013 交gia石鑲貨, 做新托 (INV236) 合併model"
  referenceNo: "624"
  orderId: "04b59348-4cdf-4c71-97e2-cc01ab8fdaa3"
  type: "Bill"
  Expenses:CostOfSales:Purchase:PurchaseItem:BuyBespoke 0.00 HKD
  qty: "0"
  description: "COST BREAKDOWN EG2302 : 
6411665388 (HKD 3710.69)
5416842727 (HKD 3710.69)
18k gold setting (HKD 1266) = HKD 8687.38"
  referenceNo: "624"
  orderId: "04b59348-4cdf-4c71-97e2-cc01ab8fdaa3"
  type: "Bill Item"
  sourceId: "537d4980-22ce-4f66-8780-345f0ccd92be"
  Expenses:CostOfSales:Purchase:PurchaseItem:BuyBespoke 0.00 HKD
  qty: "0"
  description: "COST BREAKDOWN RG2307 : 
5383040969 (HKD 31757)
18k gold setting (HKD 3750) = HKD 35507"
  referenceNo: "624"
  orderId: "04b59348-4cdf-4c71-97e2-cc01ab8fdaa3"
  type: "Bill Item"
  sourceId: "0482a82b-d2d6-497e-9e1b-0c83c469dc06"
  Expenses:CostOfSales:Purchase:PurchaseItem:BuyBespoke 0.00 HKD
  qty: "0"
  description: "COST BREAKDOWN RG2308 : 
6372892635 (HKD 72199)
18k gold setting (HKD 2650) = HKD 74849"
  referenceNo: "624"
  orderId: "04b59348-4cdf-4c71-97e2-cc01ab8fdaa3"
  type: "Bill Item"
  sourceId: "7b573281-4af0-45fc-b4e5-8ba2cda7ce0b"
  Expenses:CostOfSales:Purchase:PurchaseItem:BuyBespoke 0.00 HKD
  qty: "0"
  description: "COST BREAKDOWN EG2301 :
3405949633 (HKD 4142.16)
6415044122 (HKD 4401.05)
18k gold earring setting (HKD 1266) = HKD 9809.21"
  referenceNo: "624"
  orderId: "04b59348-4cdf-4c71-97e2-cc01ab8fdaa3"
  type: "Bill Item"
  sourceId: "4bd07b4a-38bb-4288-a152-735d784c88f0"
  Assets:CurrentAssets:ShopInventory:Jewelry -1266.00 HKD
  qty: "-1"
  description: "COST BREAKDOWN EG2302 : 
6411665388 (HKD 3710.69)
5416842727 (HKD 3710.69)
18k gold setting (HKD 1266) = HKD 8687.38"
  referenceNo: "624"
  orderId: "04b59348-4cdf-4c71-97e2-cc01ab8fdaa3"
  type: "Bill Item"
  sourceId: "73dd2cce-699a-41fc-8204-a0b1d381e279"
  Expenses:CostOfSales:Purchase:PurchaseItem:Buy18kJewelry 1266.00 HKD
  qty: "1"
  description: "COST BREAKDOWN EG2302 : 
6411665388 (HKD 3710.69)
5416842727 (HKD 3710.69)
18k gold setting (HKD 1266) = HKD 8687.38"
  referenceNo: "624"
  orderId: "04b59348-4cdf-4c71-97e2-cc01ab8fdaa3"
  type: "Bill Item"
  sourceId: "cba739ea-8045-4b6e-8463-53c20560024b"
  Assets:CurrentAssets:ShopInventory:Jewelry -3750.00 HKD
  qty: "-1"
  description: "COST BREAKDOWN RG2307 : 
5383040969 (HKD 31757)
18k gold setting (HKD 3750) = HKD 35507"
  referenceNo: "624"
  orderId: "04b59348-4cdf-4c71-97e2-cc01ab8fdaa3"
  type: "Bill Item"
  sourceId: "e4f8184b-54ed-4a9c-89b8-883feff9e306"
  Expenses:CostOfSales:Purchase:PurchaseItem:Buy18kJewelry 3750.00 HKD
  qty: "1"
  description: "COST BREAKDOWN RG2307 : 
5383040969 (HKD 31757)
18k gold setting (HKD 3750) = HKD 35507"
  referenceNo: "624"
  orderId: "04b59348-4cdf-4c71-97e2-cc01ab8fdaa3"
  type: "Bill Item"
  sourceId: "3044d236-2a3f-4eef-a3eb-5264a69db767"
  Assets:CurrentAssets:ShopInventory:Jewelry -2650.00 HKD
  qty: "-1"
  description: "COST BREAKDOWN RG2308 : 
6372892635 (HKD 72199)
18k gold setting (HKD 2650) = HKD 74849"
  referenceNo: "624"
  orderId: "04b59348-4cdf-4c71-97e2-cc01ab8fdaa3"
  type: "Bill Item"
  sourceId: "55e7bac6-bf30-4783-8b28-f886b68afb71"
  Expenses:CostOfSales:Purchase:PurchaseItem:Buy18kJewelry 2650.00 HKD
  qty: "1"
  description: "COST BREAKDOWN RG2308 : 
6372892635 (HKD 72199)
18k gold setting (HKD 2650) = HKD 74849"
  referenceNo: "624"
  orderId: "04b59348-4cdf-4c71-97e2-cc01ab8fdaa3"
  type: "Bill Item"
  sourceId: "8d7684db-6967-4f97-a7b6-0fcb6840ef99"
  Assets:CurrentAssets:ShopInventory:NaturalDiamond -4142.16 HKD
  category: "Natural Diamond"
  sku: "DDFFFFFF0800003405949633"
  qty: -1
  referenceNo: "624"
  orderId: "04b59348-4cdf-4c71-97e2-cc01ab8fdaa3"
  type: "Bill Item"
  sourceId: "5a2b177b-a979-49ad-8de7-4f17fa44c2bc"
  Assets:CurrentAssets:ShopInventory:NaturalDiamond -4401.05 HKD
  category: "Natural Diamond"
  sku: "DDFFFFFF0800006415044122"
  qty: -1
  referenceNo: "624"
  orderId: "04b59348-4cdf-4c71-97e2-cc01ab8fdaa3"
  type: "Bill Item"
  sourceId: "29eabff8-6e6f-4e42-bb98-d5ab6393b338"
  Assets:CurrentAssets:ShopInventory:Jewelry -1266.00 HKD
  qty: "-1"
  description: "COST BREAKDOWN EG2301 :
3405949633 (HKD 4142.16)
6415044122 (HKD 4401.05)
18k gold earring setting (HKD 1266) = HKD 9809.21"
  referenceNo: "624"
  orderId: "04b59348-4cdf-4c71-97e2-cc01ab8fdaa3"
  type: "Bill Item"
  sourceId: "102047c0-4084-4255-8430-aea046a37515"
  Expenses:CostOfSales:Purchase:PurchaseItem:Buy18kJewelry 1266.00 HKD
  qty: "1"
  description: "COST BREAKDOWN EG2301 :
3405949633 (HKD 4142.16)
6415044122 (HKD 4401.05)
18k gold earring setting (HKD 1266) = HKD 9809.21"
  referenceNo: "624"
  orderId: "04b59348-4cdf-4c71-97e2-cc01ab8fdaa3"
  type: "Bill Item"
  sourceId: "053bbc9a-0f72-45a9-9ab9-4efcfe9d78a8"
  Assets:CurrentAssets:ShopInventory:Jewelry 8687.38 HKD
  category: "Jewelry"
  sku: "DDFF23062106000000000012"
  qty: 1
  referenceNo: "624"
  orderId: "04b59348-4cdf-4c71-97e2-cc01ab8fdaa3"
  type: "Bill Item"
  sourceId: "5b67c697-8fd2-4442-8f4d-0bc66bd8e692"
  Assets:CurrentAssets:ShopInventory:Jewelry 35507.00 HKD
  category: "Jewelry"
  sku: "DDFF23062105000000000007"
  qty: 1
  referenceNo: "624"
  orderId: "04b59348-4cdf-4c71-97e2-cc01ab8fdaa3"
  type: "Bill Item"
  sourceId: "e2850c29-047f-4e0b-885a-7f83ce860c86"
  Assets:CurrentAssets:ShopInventory:Jewelry 74849.00 HKD
  category: "Jewelry"
  sku: "DDFF23062105000000000008"
  qty: 1
  referenceNo: "624"
  orderId: "04b59348-4cdf-4c71-97e2-cc01ab8fdaa3"
  type: "Bill Item"
  sourceId: "0c3a181c-173f-44b7-9dc0-e6b54ea411f1"
  Assets:CurrentAssets:ShopInventory:Jewelry 9809.21 HKD
  category: "Jewelry"
  sku: "DDFF23062106000000000011"
  qty: 1
  referenceNo: "624"
  orderId: "04b59348-4cdf-4c71-97e2-cc01ab8fdaa3"
  type: "Bill Item"
  sourceId: "344f4a9d-c3fe-402a-a334-d6443865b4ad"
  Assets:CurrentAssets:ShopInventory:NaturalDiamond -3710.69 HKD
  category: "Natural Diamond"
  sku: "DDFFFFFF0800006411665388"
  qty: -1
  referenceNo: "624"
  orderId: "04b59348-4cdf-4c71-97e2-cc01ab8fdaa3"
  type: "Bill Item"
  sourceId: "ff8e2139-e371-488b-8448-f99dcb3fe4e1"
  Assets:CurrentAssets:ShopInventory:NaturalDiamond -3710.69 HKD
  category: "Natural Diamond"
  sku: "DDFFFFFF0800005416842727"
  qty: -1
  referenceNo: "624"
  orderId: "04b59348-4cdf-4c71-97e2-cc01ab8fdaa3"
  type: "Bill Item"
  sourceId: "b273ba17-5cf2-4c95-be37-10f809ea664e"
  Assets:CurrentAssets:ShopInventory:NaturalDiamond -31757.00 HKD
  category: "Natural Diamond"
  sku: "DDFFFFFF0800005383040969"
  qty: -1
  referenceNo: "624"
  orderId: "04b59348-4cdf-4c71-97e2-cc01ab8fdaa3"
  type: "Bill Item"
  sourceId: "593ce109-0978-4173-a43d-8da2e0b87ad0"
  Assets:CurrentAssets:ShopInventory:NaturalDiamond -72199.00 HKD
  category: "Natural Diamond"
  sku: "DDFFFFFF0800006372892635"
  qty: -1
  referenceNo: "624"
  orderId: "04b59348-4cdf-4c71-97e2-cc01ab8fdaa3"
  type: "Bill Item"
  sourceId: "e6211f5f-f9f3-41a5-95ef-41e41811426f"
  Liabilities:CurrentLiabilities:AccountPayable
  referenceNo: "624"
  orderId: "04b59348-4cdf-4c71-97e2-cc01ab8fdaa3"
  type: "Bill"
  sourceId: "04b59348-4cdf-4c71-97e2-cc01ab8fdaa3"
  contact: "998 12345767 (SkyHighHoldingsGroupLtd) [efdca012-5d6e-4361-8ec7-f5566615d58a]"
2023-06-21 * "Bill #621 ✱ 230011 交gia石和介托鑲貨 (INV237) 合併model"
  referenceNo: "621"
  orderId: "1d1c11fd-2d39-4dda-b268-43657a0cac45"
  type: "Bill"
  Assets:CurrentAssets:ShopInventory:Jewelry 46082.00 HKD
  category: "Jewelry"
  sku: "DDFF23062105000000000010"
  qty: 1
  referenceNo: "621"
  orderId: "1d1c11fd-2d39-4dda-b268-43657a0cac45"
  type: "Bill Item"
  sourceId: "5aeaccc2-ae4b-45e8-a4df-179474571e72"
  Assets:CurrentAssets:ShopInventory:Jewelry 50552.00 HKD
  category: "Jewelry"
  sku: "DDFF23062105000000000012"
  qty: 1
  referenceNo: "621"
  orderId: "1d1c11fd-2d39-4dda-b268-43657a0cac45"
  type: "Bill Item"
  sourceId: "deaff293-042d-4069-ab62-57b1449feaca"
  Assets:CurrentAssets:ShopInventory:Jewelry 47054.00 HKD
  category: "Jewelry"
  sku: "DDFF23062105000000000011"
  qty: 1
  referenceNo: "621"
  orderId: "1d1c11fd-2d39-4dda-b268-43657a0cac45"
  type: "Bill Item"
  sourceId: "a2e100ae-bf09-4db4-9616-e75976d3670a"
  Assets:CurrentAssets:ShopInventory:Jewelry 45551.00 HKD
  category: "Jewelry"
  sku: "DDFF23062105000000000009"
  qty: 1
  referenceNo: "621"
  orderId: "1d1c11fd-2d39-4dda-b268-43657a0cac45"
  type: "Bill Item"
  sourceId: "a2c77cff-3bc4-4f25-9ae7-e71a75345471"
  Assets:CurrentAssets:ShopInventory:NaturalDiamond -43676.00 HKD
  category: "Natural Diamond"
  sku: "DDFFFFFF0800006382433897"
  qty: -1
  referenceNo: "621"
  orderId: "1d1c11fd-2d39-4dda-b268-43657a0cac45"
  type: "Bill Item"
  sourceId: "181296ab-b625-4df8-bc56-ef8d875a377c"
  Assets:CurrentAssets:ShopInventory:Jewelry -2056.00 HKD
  category: "Ring Setting"
  sku: "DDFFFFFF0B00000000000012"
  qty: -1
  referenceNo: "621"
  orderId: "1d1c11fd-2d39-4dda-b268-43657a0cac45"
  type: "Bill Item"
  sourceId: "dc21c716-8451-4bf3-b3db-1ce06114c472"
  Assets:CurrentAssets:ShopInventory:NaturalDiamond -48259.00 HKD
  category: "Natural Diamond"
  sku: "DDFFFFFF0800007426841741"
  qty: -1
  referenceNo: "621"
  orderId: "1d1c11fd-2d39-4dda-b268-43657a0cac45"
  type: "Bill Item"
  sourceId: "0fafc2c3-e0e0-4d62-999d-5505ec9cd776"
  Assets:CurrentAssets:ShopInventory:Jewelry -1943.00 HKD
  category: "Ring Setting"
  sku: "DDFFFFFF0B00000000000049"
  qty: -1
  referenceNo: "621"
  orderId: "1d1c11fd-2d39-4dda-b268-43657a0cac45"
  type: "Bill Item"
  sourceId: "c4e6d213-8ea1-48cc-940b-4d8ed48ac86b"
  Assets:CurrentAssets:ShopInventory:NaturalDiamond -44762.00 HKD
  category: "Natural Diamond"
  sku: "DDFFFFFF0800005383139137"
  qty: -1
  referenceNo: "621"
  orderId: "1d1c11fd-2d39-4dda-b268-43657a0cac45"
  type: "Bill Item"
  sourceId: "8a9f7a9e-c0ea-4ed9-9a5c-037fb0bd4bca"
  Assets:CurrentAssets:ShopInventory:Jewelry -1942.00 HKD
  category: "Ring Setting"
  sku: "DDFFFFFF0B00000000000063"
  qty: -1
  referenceNo: "621"
  orderId: "1d1c11fd-2d39-4dda-b268-43657a0cac45"
  type: "Bill Item"
  sourceId: "9ff8291b-166a-4a7b-92f8-a0b27dbd1d07"
  Assets:CurrentAssets:ShopInventory:Jewelry -2364.00 HKD
  category: "Ring Setting"
  sku: "DDFFFFFF0B00000000000020"
  qty: -1
  referenceNo: "621"
  orderId: "1d1c11fd-2d39-4dda-b268-43657a0cac45"
  type: "Bill Item"
  sourceId: "46860f45-f55a-4856-b7b5-c0fdccd80edd"
  Expenses:CostOfSales:Purchase:PurchaseItem:BuyCost-ProcessingFee 350.00 HKD
  qty: "1"
  description: "COST BREAKDOWN RG2309:
DDFFFFFF0800005416867838 #5416867838 (HKD 42837)
DDFFFFFF0B00000000000020 / S0051 (HKD 2364)
PROCESSING FEE (HKD 350) = HKD 45551"
  referenceNo: "621"
  orderId: "1d1c11fd-2d39-4dda-b268-43657a0cac45"
  type: "Bill Item"
  sourceId: "b7568a85-5f19-441a-b418-28a5241d6434"
  Expenses:CostOfSales:Purchase:PurchaseItem:BuyBespoke 0.00 HKD
  qty: "0"
  description: "COST BREAKDOWN RG2310:
DDFFFFFF0800006382433897 #6382433897 (HKD 43676)
DDFFFFFF0B00000000000012 / S0034 (HKD 2056)
PROCESSING FEE (HKD 350) = HKD 46082"
  referenceNo: "621"
  orderId: "1d1c11fd-2d39-4dda-b268-43657a0cac45"
  type: "Bill Item"
  sourceId: "5648c7c7-09c5-423d-a511-761c5b07f0a5"
  Expenses:CostOfSales:Purchase:PurchaseItem:BuyBespoke 0.00 HKD
  qty: "0"
  description: "COST BREAKDOWN RG2312:
DDFFFFFF0800007426841741 #7426841741 (HKD 48259)
DDFFFFFF0B00000000000049 / S0013 (HKD 1943)
PROCESSING FEE (HKD 350) = HKD 50552"
  referenceNo: "621"
  orderId: "1d1c11fd-2d39-4dda-b268-43657a0cac45"
  type: "Bill Item"
  sourceId: "ff8ac988-1873-4cce-8001-6d1280f87fc9"
  Expenses:CostOfSales:Purchase:PurchaseItem:BuyBespoke 0.00 HKD
  qty: "0"
  description: "COST BREAKDOWN RG2311:
DDFFFFFF0800005383139137 #5383139137 (HKD 44762)
DDFFFFFF0B00000000000063 / S0016 (HKD 1942)
PROCESSING FEE (HKD 350) = HKD 47054"
  referenceNo: "621"
  orderId: "1d1c11fd-2d39-4dda-b268-43657a0cac45"
  type: "Bill Item"
  sourceId: "19221725-4747-4e86-841f-47148568f223"
  Expenses:CostOfSales:Purchase:PurchaseItem:BuyBespoke 0.00 HKD
  qty: "0"
  description: "COST BREAKDOWN RG2309:
DDFFFFFF0800005416867838 #5416867838 (HKD 42837)
DDFFFFFF0B00000000000020 / S0051 (HKD 2364)
PROCESSING FEE (HKD 350) = HKD 45551"
  referenceNo: "621"
  orderId: "1d1c11fd-2d39-4dda-b268-43657a0cac45"
  type: "Bill Item"
  sourceId: "ea532fef-ade3-4045-82b0-2131a925ab4b"
  Expenses:CostOfSales:Purchase:PurchaseItem:BuyCost-ProcessingFee -350.00 HKD
  qty: "-1"
  description: "COST BREAKDOWN RG2310:
DDFFFFFF0800006382433897 #6382433897 (HKD 43676)
DDFFFFFF0B00000000000012 / S0034 (HKD 2056)
PROCESSING FEE (HKD 350) = HKD 46082"
  referenceNo: "621"
  orderId: "1d1c11fd-2d39-4dda-b268-43657a0cac45"
  type: "Bill Item"
  sourceId: "59123ad5-3a4f-46c1-bc6a-a00f1e2069e4"
  Expenses:CostOfSales:Purchase:PurchaseItem:BuyCost-ProcessingFee -350.00 HKD
  qty: "-1"
  description: "COST BREAKDOWN RG2312:
DDFFFFFF0800007426841741 #7426841741 (HKD 48259)
DDFFFFFF0B00000000000049 / S0013 (HKD 1943)
PROCESSING FEE (HKD 350) = HKD 50552"
  referenceNo: "621"
  orderId: "1d1c11fd-2d39-4dda-b268-43657a0cac45"
  type: "Bill Item"
  sourceId: "f1efb54f-671a-4e54-b557-8c6e14a714d6"
  Expenses:CostOfSales:Purchase:PurchaseItem:BuyCost-ProcessingFee -350.00 HKD
  qty: "-1"
  description: "COST BREAKDOWN RG2311:
DDFFFFFF0800005383139137 #5383139137 (HKD 44762)
DDFFFFFF0B00000000000063 / S0016 (HKD 1942)
PROCESSING FEE (HKD 350) = HKD 47054"
  referenceNo: "621"
  orderId: "1d1c11fd-2d39-4dda-b268-43657a0cac45"
  type: "Bill Item"
  sourceId: "83bab2a5-0b8a-4a00-afc0-e1b48eb1df69"
  Assets:CurrentAssets:ShopInventory:NaturalDiamond -42837.00 HKD
  category: "Natural Diamond"
  sku: "DDFFFFFF0800005416867838"
  qty: -1
  referenceNo: "621"
  orderId: "1d1c11fd-2d39-4dda-b268-43657a0cac45"
  type: "Bill Item"
  sourceId: "8d477867-1bf0-499b-b712-07670773f43f"
  Expenses:CostOfSales:Purchase:PurchaseItem:BuyCost-ProcessingFee -350.00 HKD
  qty: "-1"
  description: "COST BREAKDOWN RG2309:
DDFFFFFF0800005416867838 #5416867838 (HKD 42837)
DDFFFFFF0B00000000000020 / S0051 (HKD 2364)
PROCESSING FEE (HKD 350) = HKD 45551"
  referenceNo: "621"
  orderId: "1d1c11fd-2d39-4dda-b268-43657a0cac45"
  type: "Bill Item"
  sourceId: "bfdbb826-08d3-487d-84ac-02c2035013a3"
  Expenses:CostOfSales:Purchase:PurchaseItem:BuyCost-ProcessingFee 350.00 HKD
  qty: "1"
  description: "COST BREAKDOWN RG2310:
DDFFFFFF0800006382433897 #6382433897 (HKD 43676)
DDFFFFFF0B00000000000012 / S0034 (HKD 2056)
PROCESSING FEE (HKD 350) = HKD 46082"
  referenceNo: "621"
  orderId: "1d1c11fd-2d39-4dda-b268-43657a0cac45"
  type: "Bill Item"
  sourceId: "00f2e991-7b18-4ab2-bed1-7193e0aeb429"
  Expenses:CostOfSales:Purchase:PurchaseItem:BuyCost-ProcessingFee 350.00 HKD
  qty: "1"
  description: "COST BREAKDOWN RG2312:
DDFFFFFF0800007426841741 #7426841741 (HKD 48259)
DDFFFFFF0B00000000000049 / S0013 (HKD 1943)
PROCESSING FEE (HKD 350) = HKD 50552"
  referenceNo: "621"
  orderId: "1d1c11fd-2d39-4dda-b268-43657a0cac45"
  type: "Bill Item"
  sourceId: "9f77fe36-d455-4fdc-892d-d82abfe0679e"
  Expenses:CostOfSales:Purchase:PurchaseItem:BuyCost-ProcessingFee 350.00 HKD
  qty: "1"
  description: "COST BREAKDOWN RG2311:
DDFFFFFF0800005383139137 #5383139137 (HKD 44762)
DDFFFFFF0B00000000000063 / S0016 (HKD 1942)
PROCESSING FEE (HKD 350) = HKD 47054"
  referenceNo: "621"
  orderId: "1d1c11fd-2d39-4dda-b268-43657a0cac45"
  type: "Bill Item"
  sourceId: "2b014195-a2e7-41a8-aab8-37657487b6ae"
  Liabilities:CurrentLiabilities:AccountPayable
  referenceNo: "621"
  orderId: "1d1c11fd-2d39-4dda-b268-43657a0cac45"
  type: "Bill"
  sourceId: "1d1c11fd-2d39-4dda-b268-43657a0cac45"
  contact: "998 12345767 (SkyHighHoldingsGroupLtd) [efdca012-5d6e-4361-8ec7-f5566615d58a]"
2023-06-21 * "Assets:CurrentAssets:Bank:KpayBank" "Invoice Payment for Invoice #88 #f8a58ac7-6648-41db-b3b5-f60d606f6d54"
  Assets:CurrentAssets:Bank:KpayBank 42000.00 HKD
  type: "Invoice Payment"
  sourceId: "f8a58ac7-6648-41db-b3b5-f60d606f6d54"
  referenceNo: "88"
  orderId: "6a098ecc-db5e-40dd-bad5-764df638f540"
  Assets:CurrentAssets:AccountReceivable -42000.00 HKD
  type: "Invoice Payment"
  sourceId: "f8a58ac7-6648-41db-b3b5-f60d606f6d54"
  referenceNo: "88"
  orderId: "6a098ecc-db5e-40dd-bad5-764df638f540"
  contact: "880 802 (Walkin) [42348712-7daa-4c29-93b7-756b472429a4]"
2023-06-21 * "Assets:CurrentAssets:Bank:KpayBank" "Invoice Payment for Invoice #91 #cff7614f-f225-43db-80ee-5124d4d997e9"
  Assets:CurrentAssets:Bank:KpayBank 2754.00 HKD
  type: "Invoice Payment"
  sourceId: "cff7614f-f225-43db-80ee-5124d4d997e9"
  referenceNo: "91"
  orderId: "68497214-00bb-4bf2-8886-a6b0a4b12ae3"
  Assets:CurrentAssets:AccountReceivable -2754.00 HKD
  type: "Invoice Payment"
  sourceId: "cff7614f-f225-43db-80ee-5124d4d997e9"
  referenceNo: "91"
  orderId: "68497214-00bb-4bf2-8886-a6b0a4b12ae3"
  contact: "86 18109391188 (ZHOUFEI) [41ed9bc3-b0c5-4fd7-bcc0-38816ed28330]"
2023-06-21 * "998 12345767 (SkyHighHoldingsGroupLtd) [efdca012-5d6e-4361-8ec7-f5566615d58a]" "Bill Payment for Bill #545 #dafee4d8-77b7-459d-8a65-c017b295773b"
  Liabilities:CurrentLiabilities:AccountPayable 2050.00 HKD
  contact: "998 12345767 (SkyHighHoldingsGroupLtd) [efdca012-5d6e-4361-8ec7-f5566615d58a]"
  type: "Bill Payment"
  sourceId: "dafee4d8-77b7-459d-8a65-c017b295773b"
  referenceNo: "545"
  orderId: "537021de-b4db-4c06-a487-8c139697c5ef"
  Assets:CurrentAssets:TradeDeposit:TradeDeposit-SkyhighHoldingsGroupLtd -2050.00 HKD
  type: "Bill Payment"
  sourceId: "dafee4d8-77b7-459d-8a65-c017b295773b"
  referenceNo: "545"
  orderId: "537021de-b4db-4c06-a487-8c139697c5ef"
2023-06-21 * "998 12345767 (SkyHighHoldingsGroupLtd) [efdca012-5d6e-4361-8ec7-f5566615d58a]" "Bill Payment for Bill #621 #4c16d574-f85f-4e8e-944d-e7968407cedd"
  Liabilities:CurrentLiabilities:AccountPayable 1400.00 HKD
  contact: "998 12345767 (SkyHighHoldingsGroupLtd) [efdca012-5d6e-4361-8ec7-f5566615d58a]"
  type: "Bill Payment"
  sourceId: "4c16d574-f85f-4e8e-944d-e7968407cedd"
  referenceNo: "621"
  orderId: "1d1c11fd-2d39-4dda-b268-43657a0cac45"
  Assets:CurrentAssets:TradeDeposit:TradeDeposit-SkyhighHoldingsGroupLtd -1400.00 HKD
  type: "Bill Payment"
  sourceId: "4c16d574-f85f-4e8e-944d-e7968407cedd"
  referenceNo: "621"
  orderId: "1d1c11fd-2d39-4dda-b268-43657a0cac45"
2023-06-21 * "998 12345767 (SkyHighHoldingsGroupLtd) [efdca012-5d6e-4361-8ec7-f5566615d58a]" "Bill Payment for Bill #624 #59c9f2ab-336e-4467-bec0-77411dffb7cb"
  Liabilities:CurrentLiabilities:AccountPayable 8932.00 HKD
  contact: "998 12345767 (SkyHighHoldingsGroupLtd) [efdca012-5d6e-4361-8ec7-f5566615d58a]"
  type: "Bill Payment"
  sourceId: "59c9f2ab-336e-4467-bec0-77411dffb7cb"
  referenceNo: "624"
  orderId: "04b59348-4cdf-4c71-97e2-cc01ab8fdaa3"
  Assets:CurrentAssets:TradeDeposit:TradeDeposit-SkyhighHoldingsGroupLtd -8932.00 HKD
  type: "Bill Payment"
  sourceId: "59c9f2ab-336e-4467-bec0-77411dffb7cb"
  referenceNo: "624"
  orderId: "04b59348-4cdf-4c71-97e2-cc01ab8fdaa3"
2023-06-21 * "Bill #542 GENERAL EXP"
  referenceNo: "542"
  orderId: "939e8799-c4f0-4973-8b9f-77e088e09fcf"
  type: "Bill"
  Expenses:GeneralExpense:GeneralExpensesDirect 3694.61 HKD
  qty: "1"
  description: "饰品 展示道具"
  referenceNo: "542"
  orderId: "939e8799-c4f0-4973-8b9f-77e088e09fcf"
  type: "Bill Item"
  sourceId: "5b6640cc-a8cc-484d-a08a-8fea4910d34f"
  Expenses:GeneralExpense:GeneralExpensesDirect 87.48 HKD
  qty: "1"
  description: "耳钉后塞子"
  referenceNo: "542"
  orderId: "939e8799-c4f0-4973-8b9f-77e088e09fcf"
  type: "Bill Item"
  sourceId: "363695db-7b2a-4025-b463-9bd27deeb445"
  Liabilities:CurrentLiabilities:AccountPayable
  referenceNo: "542"
  orderId: "939e8799-c4f0-4973-8b9f-77e088e09fcf"
  type: "Bill"
  sourceId: "939e8799-c4f0-4973-8b9f-77e088e09fcf"
  contact: "880 806 () [53b8789a-4451-4a1f-84f7-a9c5da7ada1a]"
2023-06-21 * "880 806 () [53b8789a-4451-4a1f-84f7-a9c5da7ada1a]" "Bill Payment for Bill #542 #419a7522-6b44-42af-8bf5-9d14522a75e3"
  Liabilities:CurrentLiabilities:AccountPayable 3782.09 HKD
  contact: "880 806 () [53b8789a-4451-4a1f-84f7-a9c5da7ada1a]"
  type: "Bill Payment"
  sourceId: "419a7522-6b44-42af-8bf5-9d14522a75e3"
  referenceNo: "542"
  orderId: "939e8799-c4f0-4973-8b9f-77e088e09fcf"
  Assets:CurrentAssets:Bank:BocVisaCard-DavidBank -3782.09 HKD
  type: "Bill Payment"
  sourceId: "419a7522-6b44-42af-8bf5-9d14522a75e3"
  referenceNo: "542"
  orderId: "939e8799-c4f0-4973-8b9f-77e088e09fcf"
2023-06-21 * "Invoice #91 "
  Income:Sales:SalesItem:SellGoldJewelry -2754.00 HKD
  category: "Gold Jewelry"
  sku: "DDFF23051207000000000002"
  qty: 1
  referenceNo: "91"
  orderId: "68497214-00bb-4bf2-8886-a6b0a4b12ae3"
  type: "Invoice Item"
  sourceId: "34af7e96-409c-4fa5-885b-81f7ab135ce4"
  Assets:CurrentAssets:AccountReceivable
  referenceNo: "91"
  orderId: "68497214-00bb-4bf2-8886-a6b0a4b12ae3"
  type: "Invoice"
  sourceId: "68497214-00bb-4bf2-8886-a6b0a4b12ae3"
  contact: "86 18109391188 (ZHOUFEI) [41ed9bc3-b0c5-4fd7-bcc0-38816ed28330]"
2023-06-21 * "Invoice #88 ✱ Bundle Item - RS0059"
  Income:Sales:SalesItem:SellBespokeorotherFee -0.00 HKD
  description: "#6422650276 1.03CT H SI2 EX EX EX N"
  qty: 1
  referenceNo: "88"
  orderId: "6a098ecc-db5e-40dd-bad5-764df638f540"
  type: "Invoice Item"
  sourceId: "9814e27d-2490-4f94-9d7d-2e33db7dcbd0"
  Income:Sales:SalesItem:Sell18kJewelry -42000.00 HKD
  category: "Jewelry"
  sku: "DDFFFFFF0500000000000055"
  qty: 1
  referenceNo: "88"
  orderId: "6a098ecc-db5e-40dd-bad5-764df638f540"
  type: "Invoice Item"
  sourceId: "b8e69362-625c-4248-ae1c-82da5b8f98da"
  Assets:CurrentAssets:AccountReceivable
  referenceNo: "88"
  orderId: "6a098ecc-db5e-40dd-bad5-764df638f540"
  type: "Invoice"
  sourceId: "6a098ecc-db5e-40dd-bad5-764df638f540"
  contact: "880 802 (Walkin) [42348712-7daa-4c29-93b7-756b472429a4]"
2023-06-21 * "Invoice #109 (TO CXL) ✱ 交gia石和介托鑲貨 (入成本消數) (BILL#545 - SKYHIGH / EVEREST / HRISHI DIAM)"
  Income:Sales:SalesItem:Sell-ForProcess交外廠加工 -0.00 HKD
  description: "S0006 DDFFFFFF0B00000000000062 S0006 SET WITH GIA #7426826689  (3285)"
  qty: 0
  referenceNo: "109"
  orderId: "846a40d1-af16-4118-8f01-e68b07687467"
  type: "Invoice Item"
  sourceId: "3814d1be-559e-4377-b7a2-a93e8aae69e4"
  Income:Sales:SalesItem:Sell-ForProcess交外廠加工 -0.00 HKD
  description: "S0029 DDFFFFFF0B00000000000011 S0029 SET WITH GIA #6425359619 (3016)"
  qty: 0
  referenceNo: "109"
  orderId: "846a40d1-af16-4118-8f01-e68b07687467"
  type: "Invoice Item"
  sourceId: "ef21afa7-345b-4312-8dce-181a05b8032d"
  Income:Sales:SalesItem:Sell-ForProcess交外廠加工 -0.00 HKD
  description: "GIA #6371353342 1.5CT E SI1 EX EX EX N (94,363)"
  qty: 0
  referenceNo: "109"
  orderId: "846a40d1-af16-4118-8f01-e68b07687467"
  type: "Invoice Item"
  sourceId: "6f7262c8-4158-4f76-a60c-addd8b2ffbe3"
  Income:Sales:SalesItem:Sell-ForProcess交外廠加工 -0.00 HKD
  description: "GIA #7426826689 1CT D I1 EX EX EX N (40354)"
  qty: 0
  referenceNo: "109"
  orderId: "846a40d1-af16-4118-8f01-e68b07687467"
  type: "Invoice Item"
  sourceId: "f8bb4d2b-41ab-4248-a53e-90a7d6a14d88"
  Income:Sales:SalesItem:Sell-ForProcess交外廠加工 -0.00 HKD
  description: "GIA #6425359619 1.31CT F SI1 EX EX EX N (71001.08)"
  qty: 0
  referenceNo: "109"
  orderId: "846a40d1-af16-4118-8f01-e68b07687467"
  type: "Invoice Item"
  sourceId: "a04a03eb-de41-4f38-ad4c-6665649223fa"
  Income:Sales:SalesItem:Sell-ForProcess交外廠加工 -0.00 HKD
  description: "GIA #6431149744 0.7CT E SI1 EX EX EX N (19897)"
  qty: 0
  referenceNo: "109"
  orderId: "846a40d1-af16-4118-8f01-e68b07687467"
  type: "Invoice Item"
  sourceId: "ebcad34c-d1c8-41d2-afaa-ff54d5b2e2d6"
  Income:Sales:SalesItem:Sell-ForProcess交外廠加工 -0.00 HKD
  description: "S0003 DDFFFFFF0B00000000000003 S0003 SET WITH GIA #6371353342 (1800)"
  qty: 0
  referenceNo: "109"
  orderId: "846a40d1-af16-4118-8f01-e68b07687467"
  type: "Invoice Item"
  sourceId: "2501adea-6357-4c7e-9b34-3a36091fd835"
  Income:Sales:SalesItem:Sell-ForProcess交外廠加工 -0.00 HKD
  description: "S0035 DDFFFFFF0B00000000000013 S0035 SET WITH GIA #2426545638 (2506)"
  qty: 0
  referenceNo: "109"
  orderId: "846a40d1-af16-4118-8f01-e68b07687467"
  type: "Invoice Item"
  sourceId: "7587b3f9-c518-40ec-9426-fca15c40a24d"
  Income:Sales:SalesItem:Sell-ForProcess交外廠加工 -0.00 HKD
  description: "S0066 DDFFFFFF0B00000000000073 S0066 SET WITH GIA#7421720166 (1979)"
  qty: 0
  referenceNo: "109"
  orderId: "846a40d1-af16-4118-8f01-e68b07687467"
  type: "Invoice Item"
  sourceId: "3a28fa6a-e344-4f5e-aa07-ea4b3f23bccd"
  Income:Sales:SalesItem:Sell-ForProcess交外廠加工 -0.00 HKD
  description: "S0072 DDFFFFFF0B00000000000047 S0072 SET WITH GIA #6431149744 (2143)"
  qty: 0
  referenceNo: "109"
  orderId: "846a40d1-af16-4118-8f01-e68b07687467"
  type: "Invoice Item"
  sourceId: "5c7c2f78-ec12-402b-a58f-6a63a5d39546"
  Income:Sales:SalesItem:Sell-ForProcess交外廠加工 -0.00 HKD
  description: "GIA #2426545638 0.81CT G SI1 EX EX EX N (24052)"
  qty: 0
  referenceNo: "109"
  orderId: "846a40d1-af16-4118-8f01-e68b07687467"
  type: "Invoice Item"
  sourceId: "e5c4bc55-f80c-4303-9da6-9900975ac521"
  Income:Sales:SalesItem:Sell-ForProcess交外廠加工 -0.00 HKD
  description: "GIA #7421720166 0.5CT F SI1 EX EX EX N (11382)"
  qty: 0
  referenceNo: "109"
  orderId: "846a40d1-af16-4118-8f01-e68b07687467"
  type: "Invoice Item"
  sourceId: "a8a5009f-13f5-46ba-bf9b-f4efd57cea1d"
  Assets:CurrentAssets:AccountReceivable
  referenceNo: "109"
  orderId: "846a40d1-af16-4118-8f01-e68b07687467"
  type: "Invoice"
  sourceId: "846a40d1-af16-4118-8f01-e68b07687467"
  contact: "998 12345767 (SkyHighHoldingsGroupLtd) [efdca012-5d6e-4361-8ec7-f5566615d58a]"
2023-06-21 * "Invoice #94 (TO CXL) ✱ 交gia石鑲貨, 做新托 (入成本消數) (BILL 624)"
  Income:Sales:SalesItem:Sell-ForProcess交外廠加工 -0.00 HKD
  description: "#5416842727 0.3CT F SI1 EX EX EX N (3710.69)"
  qty: 0
  referenceNo: "94"
  orderId: "6cbff22d-474b-493f-9d0c-70ec5bbaee93"
  type: "Invoice Item"
  sourceId: "b8d82561-df28-46db-a60c-e7245426c147"
  Income:Sales:SalesItem:Sell-ForProcess交外廠加工 -0.00 HKD
  description: "#3405949633 0.32CT E SI1 EX EX EX N (4142.16)"
  qty: 0
  referenceNo: "94"
  orderId: "6cbff22d-474b-493f-9d0c-70ec5bbaee93"
  type: "Invoice Item"
  sourceId: "91137be4-e59b-48cc-8580-8684a09c9221"
  Income:Sales:SalesItem:Sell-ForProcess交外廠加工 -0.00 HKD
  description: "#6372892635 1.4CT F SI1 EX EX EX N (72199)"
  qty: 0
  referenceNo: "94"
  orderId: "6cbff22d-474b-493f-9d0c-70ec5bbaee93"
  type: "Invoice Item"
  sourceId: "856dcf67-40ee-4a13-920e-e80ff4241661"
  Income:Sales:SalesItem:Sell-ForProcess交外廠加工 -0.00 HKD
  description: "#6415044122 0.34CT E SI1 EX EX EX N (4401.05)"
  qty: 0
  referenceNo: "94"
  orderId: "6cbff22d-474b-493f-9d0c-70ec5bbaee93"
  type: "Invoice Item"
  sourceId: "598cf427-adac-43fb-b652-ad9df0cb2417"
  Income:Sales:SalesItem:Sell-ForProcess交外廠加工 -0.00 HKD
  description: "#6411665388 0.3CT F SI1 EX EX EX N (3710.69)"
  qty: 0
  referenceNo: "94"
  orderId: "6cbff22d-474b-493f-9d0c-70ec5bbaee93"
  type: "Invoice Item"
  sourceId: "87be5a3a-c6b3-415a-b6e1-ce8f86617bae"
  Income:Sales:SalesItem:Sell-ForProcess交外廠加工 -0.00 HKD
  description: "#5383040969 1.05CT D SI1  VG EX N (31757)"
  qty: 0
  referenceNo: "94"
  orderId: "6cbff22d-474b-493f-9d0c-70ec5bbaee93"
  type: "Invoice Item"
  sourceId: "c0ea1297-16f2-40c3-a49b-bb4344af1b39"
  Assets:CurrentAssets:AccountReceivable
  referenceNo: "94"
  orderId: "6cbff22d-474b-493f-9d0c-70ec5bbaee93"
  type: "Invoice"
  sourceId: "6cbff22d-474b-493f-9d0c-70ec5bbaee93"
  contact: "998 12345767 (SkyHighHoldingsGroupLtd) [efdca012-5d6e-4361-8ec7-f5566615d58a]"
2023-06-22 * "Bill #819 DKK 裝修設計APP (23年6月)"
  referenceNo: "819"
  orderId: "9a452393-32e8-445b-adc4-bc6811204ffe"
  type: "Bill"
  Expenses:GeneralExpense:Subscriptions 118.00 HKD
  qty: "1"
  description: "DKK 裝修設計APP (23年6月)"
  referenceNo: "819"
  orderId: "9a452393-32e8-445b-adc4-bc6811204ffe"
  type: "Bill Item"
  sourceId: "38c8bbfc-0359-4664-aab6-3af0d9685e15"
  Liabilities:CurrentLiabilities:AccountPayable
  referenceNo: "819"
  orderId: "9a452393-32e8-445b-adc4-bc6811204ffe"
  type: "Bill"
  sourceId: "9a452393-32e8-445b-adc4-bc6811204ffe"
  contact: "880 806 () [53b8789a-4451-4a1f-84f7-a9c5da7ada1a]"
2023-06-22 * "880 806 () [53b8789a-4451-4a1f-84f7-a9c5da7ada1a]" "Bill Payment for Bill #819 #58842da0-8f62-41fe-bfdb-77eaee03d1f7"
  Liabilities:CurrentLiabilities:AccountPayable 118.00 HKD
  contact: "880 806 () [53b8789a-4451-4a1f-84f7-a9c5da7ada1a]"
  type: "Bill Payment"
  sourceId: "58842da0-8f62-41fe-bfdb-77eaee03d1f7"
  referenceNo: "819"
  orderId: "9a452393-32e8-445b-adc4-bc6811204ffe"
  Liabilities:CurrentLiabilities:CurrentAccount:C-a-MilrichElectronicsHkCoLtd -118.00 HKD
  type: "Bill Payment"
  sourceId: "58842da0-8f62-41fe-bfdb-77eaee03d1f7"
  referenceNo: "819"
  orderId: "9a452393-32e8-445b-adc4-bc6811204ffe"
2023-06-22 * "Invoice #158 AA39251, AA39267尾款單"
  Income:Sales:SalesItem:SellDiamond -47310.00 HKD
  category: "Natural Diamond"
  sku: "DDFFFFFF0800006422884486"
  qty: 1
  referenceNo: "158"
  orderId: "d9375814-f92f-4cd3-94f8-f6cceb2ee1ec"
  type: "Invoice Item"
  sourceId: "4d2062da-a4a8-4147-bff6-f504c36b8bb8"
  Income:Sales:SalesItem:Sell18kJewelry -4048.00 HKD
  category: "Jewelry"
  sku: "DDFF23062401000000000002"
  qty: 1
  referenceNo: "158"
  orderId: "d9375814-f92f-4cd3-94f8-f6cceb2ee1ec"
  type: "Invoice Item"
  sourceId: "e57dcf93-728f-4525-88ce-c828ee3ea0f9"
  Income:Sales:SalesItem:Sell18kJewelry -3696.00 HKD
  category: "Ring Setting"
  sku: "DDFF2306240B000000000001"
  qty: 1
  referenceNo: "158"
  orderId: "d9375814-f92f-4cd3-94f8-f6cceb2ee1ec"
  type: "Invoice Item"
  sourceId: "7e8584d8-47b8-4422-bb9d-26b54915b6f4"
  Income:Sales:SalesItem:Sell18kJewelry -4488.00 HKD
  category: "Jewelry"
  sku: "DDFF23062401000000000003"
  qty: 1
  referenceNo: "158"
  orderId: "d9375814-f92f-4cd3-94f8-f6cceb2ee1ec"
  type: "Invoice Item"
  sourceId: "0edcd344-1f2d-46c6-a4e2-723f9ebf327e"
  Assets:CurrentAssets:AccountReceivable
  referenceNo: "158"
  orderId: "d9375814-f92f-4cd3-94f8-f6cceb2ee1ec"
  type: "Invoice"
  sourceId: "d9375814-f92f-4cd3-94f8-f6cceb2ee1ec"
  contact: "852 61584981 (SOCHUNKIT) [a052923c-42de-4697-91fa-00e92affc57b]"
2023-06-22 * "Assets:CurrentAssets:Bank:KpayBank" "Invoice Payment for Invoice #158 #4ace5e69-ba0b-4f6a-954c-84ff0b7a58ee"
  Assets:CurrentAssets:Bank:KpayBank 20000.00 HKD
  type: "Invoice Payment"
  sourceId: "4ace5e69-ba0b-4f6a-954c-84ff0b7a58ee"
  referenceNo: "158"
  orderId: "d9375814-f92f-4cd3-94f8-f6cceb2ee1ec"
  Assets:CurrentAssets:AccountReceivable -20000.00 HKD
  type: "Invoice Payment"
  sourceId: "4ace5e69-ba0b-4f6a-954c-84ff0b7a58ee"
  referenceNo: "158"
  orderId: "d9375814-f92f-4cd3-94f8-f6cceb2ee1ec"
  contact: "852 61584981 (SOCHUNKIT) [a052923c-42de-4697-91fa-00e92affc57b]"
2023-06-23 * "Invoice #183 漢口行政退回G17裝修按金 (DEPOSIT RETURN) (hk$ 38k) DEPOSIT "
  Assets:OtherAssets:Deposit押金 -38000.00 HKD
  description: "漢口行政退回G17裝修按金 ( DEPOSIT RETURN )"
  qty: 1
  referenceNo: "183"
  orderId: "791f6cab-725c-4c8c-b385-6141d6a0c527"
  type: "Invoice Item"
  sourceId: "9ebe2e1b-b994-44ca-b599-9e672d95781a"
  Assets:CurrentAssets:AccountReceivable
  referenceNo: "183"
  orderId: "791f6cab-725c-4c8c-b385-6141d6a0c527"
  type: "Invoice"
  sourceId: "791f6cab-725c-4c8c-b385-6141d6a0c527"
  contact: "880 806 () [53b8789a-4451-4a1f-84f7-a9c5da7ada1a]"
2023-06-23 * "Bill #395 bank fee"
  referenceNo: "395"
  orderId: "6f40400f-9fc4-47d4-9c0f-365100205ca8"
  type: "Bill"
  Expenses:GeneralExpense:BankFeesExpense 5.00 HKD
  qty: "1"
  description: ""
  referenceNo: "395"
  orderId: "6f40400f-9fc4-47d4-9c0f-365100205ca8"
  type: "Bill Item"
  sourceId: "ad54ef65-8e09-4647-a391-e2b05702b25a"
  Liabilities:CurrentLiabilities:AccountPayable
  referenceNo: "395"
  orderId: "6f40400f-9fc4-47d4-9c0f-365100205ca8"
  type: "Bill"
  sourceId: "6f40400f-9fc4-47d4-9c0f-365100205ca8"
  contact: "880 806 () [53b8789a-4451-4a1f-84f7-a9c5da7ada1a]"
2023-06-23 * "Bill #583 G17 輻射機牌照費"
  referenceNo: "583"
  orderId: "fcd1b4b3-46f8-4a56-84a8-38ac84982c6e"
  type: "Bill"
  Expenses:GeneralExpense:GeneralExpensesDirect 410.00 HKD
  qty: "1"
  description: "G17 輻射機牌照費"
  referenceNo: "583"
  orderId: "fcd1b4b3-46f8-4a56-84a8-38ac84982c6e"
  type: "Bill Item"
  sourceId: "5ecaa731-ce05-42dc-bd37-7cf6e5a0c743"
  Liabilities:CurrentLiabilities:AccountPayable
  referenceNo: "583"
  orderId: "fcd1b4b3-46f8-4a56-84a8-38ac84982c6e"
  type: "Bill"
  sourceId: "fcd1b4b3-46f8-4a56-84a8-38ac84982c6e"
  contact: "880 806 () [53b8789a-4451-4a1f-84f7-a9c5da7ada1a]"
2023-06-23 * "Bill #403 G17 安裝電線"
  referenceNo: "403"
  orderId: "9f1fe334-dfe4-41da-b201-f6c0e8cb24ef"
  type: "Bill"
  Expenses:GeneralExpense:GeneralExpensesDirect 12600.00 HKD
  qty: "1"
  description: ""
  referenceNo: "403"
  orderId: "9f1fe334-dfe4-41da-b201-f6c0e8cb24ef"
  type: "Bill Item"
  sourceId: "590375e2-26f1-4645-846f-c91fa232255b"
  Liabilities:CurrentLiabilities:AccountPayable
  referenceNo: "403"
  orderId: "9f1fe334-dfe4-41da-b201-f6c0e8cb24ef"
  type: "Bill"
  sourceId: "9f1fe334-dfe4-41da-b201-f6c0e8cb24ef"
  contact: "880 806 () [53b8789a-4451-4a1f-84f7-a9c5da7ada1a]"
2023-06-23 * "Assets:CurrentAssets:Bank:BocCurrentBank" "Invoice Payment for Invoice #183 #3ecca3e8-3f9a-4125-a25b-e85c1e5ec5fd"
  Assets:CurrentAssets:Bank:BocCurrentBank 38000.00 HKD
  type: "Invoice Payment"
  sourceId: "3ecca3e8-3f9a-4125-a25b-e85c1e5ec5fd"
  referenceNo: "183"
  orderId: "791f6cab-725c-4c8c-b385-6141d6a0c527"
  Assets:CurrentAssets:AccountReceivable -38000.00 HKD
  type: "Invoice Payment"
  sourceId: "3ecca3e8-3f9a-4125-a25b-e85c1e5ec5fd"
  referenceNo: "183"
  orderId: "791f6cab-725c-4c8c-b385-6141d6a0c527"
  contact: "880 806 () [53b8789a-4451-4a1f-84f7-a9c5da7ada1a]"
2023-06-23 * "880 806 () [53b8789a-4451-4a1f-84f7-a9c5da7ada1a]" "Bill Payment for Bill #395 #fe17bfb0-0c46-4818-b1d1-43299d969aae"
  Liabilities:CurrentLiabilities:AccountPayable 5.00 HKD
  contact: "880 806 () [53b8789a-4451-4a1f-84f7-a9c5da7ada1a]"
  type: "Bill Payment"
  sourceId: "fe17bfb0-0c46-4818-b1d1-43299d969aae"
  referenceNo: "395"
  orderId: "6f40400f-9fc4-47d4-9c0f-365100205ca8"
  Assets:CurrentAssets:Bank:BocSavingBank -5.00 HKD
  type: "Bill Payment"
  sourceId: "fe17bfb0-0c46-4818-b1d1-43299d969aae"
  referenceNo: "395"
  orderId: "6f40400f-9fc4-47d4-9c0f-365100205ca8"
2023-06-23 * "880 806 () [53b8789a-4451-4a1f-84f7-a9c5da7ada1a]" "Bill Payment for Bill #583 #b6fa934a-3cb0-4676-8284-79e274c1c3ae"
  Liabilities:CurrentLiabilities:AccountPayable 410.00 HKD
  contact: "880 806 () [53b8789a-4451-4a1f-84f7-a9c5da7ada1a]"
  type: "Bill Payment"
  sourceId: "b6fa934a-3cb0-4676-8284-79e274c1c3ae"
  referenceNo: "583"
  orderId: "fcd1b4b3-46f8-4a56-84a8-38ac84982c6e"
  Assets:CurrentAssets:Bank:BocCurrentBank -410.00 HKD
  type: "Bill Payment"
  sourceId: "b6fa934a-3cb0-4676-8284-79e274c1c3ae"
  referenceNo: "583"
  orderId: "fcd1b4b3-46f8-4a56-84a8-38ac84982c6e"
2023-06-23 * "880 806 () [53b8789a-4451-4a1f-84f7-a9c5da7ada1a]" "Bill Payment for Bill #403 #25420612-3176-44d3-bf0a-464a10666a8f"
  Liabilities:CurrentLiabilities:AccountPayable 12600.00 HKD
  contact: "880 806 () [53b8789a-4451-4a1f-84f7-a9c5da7ada1a]"
  type: "Bill Payment"
  sourceId: "25420612-3176-44d3-bf0a-464a10666a8f"
  referenceNo: "403"
  orderId: "9f1fe334-dfe4-41da-b201-f6c0e8cb24ef"
  Assets:CurrentAssets:Bank:BocSavingBank -12600.00 HKD
  type: "Bill Payment"
  sourceId: "25420612-3176-44d3-bf0a-464a10666a8f"
  referenceNo: "403"
  orderId: "9f1fe334-dfe4-41da-b201-f6c0e8cb24ef"
2023-06-23 * "Bill #539 GENERAL EXP"
  referenceNo: "539"
  orderId: "e2102078-724d-46a4-8a5c-76bc914c1fb6"
  type: "Bill"
  Expenses:GeneralExpense:GeneralExpensesDirect 583.50 HKD
  qty: "1"
  description: "首饰收纳托盘"
  referenceNo: "539"
  orderId: "e2102078-724d-46a4-8a5c-76bc914c1fb6"
  type: "Bill Item"
  sourceId: "3d57cf1a-27c4-43d2-82db-7a3225605f88"
  Expenses:GeneralExpense:GeneralExpensesDirect 106.09 HKD
  qty: "1"
  description: "工牌定制"
  referenceNo: "539"
  orderId: "e2102078-724d-46a4-8a5c-76bc914c1fb6"
  type: "Bill Item"
  sourceId: "d4799afe-31a5-4226-b24c-97f54967b217"
  Expenses:GeneralExpense:GeneralExpensesDirect 343.69 HKD
  qty: "1"
  description: "淘寶集運"
  referenceNo: "539"
  orderId: "e2102078-724d-46a4-8a5c-76bc914c1fb6"
  type: "Bill Item"
  sourceId: "2f9b8a04-0092-454f-bef8-b4e35bf52dba"
  Liabilities:CurrentLiabilities:AccountPayable
  referenceNo: "539"
  orderId: "e2102078-724d-46a4-8a5c-76bc914c1fb6"
  type: "Bill"
  sourceId: "e2102078-724d-46a4-8a5c-76bc914c1fb6"
  contact: "880 806 () [53b8789a-4451-4a1f-84f7-a9c5da7ada1a]"
2023-06-23 * "880 806 () [53b8789a-4451-4a1f-84f7-a9c5da7ada1a]" "Bill Payment for Bill #539 #7ccbec73-1f30-4284-8989-739e3efdb51c"
  Liabilities:CurrentLiabilities:AccountPayable 1033.28 HKD
  contact: "880 806 () [53b8789a-4451-4a1f-84f7-a9c5da7ada1a]"
  type: "Bill Payment"
  sourceId: "7ccbec73-1f30-4284-8989-739e3efdb51c"
  referenceNo: "539"
  orderId: "e2102078-724d-46a4-8a5c-76bc914c1fb6"
  Assets:CurrentAssets:Bank:BocVisaCard-DavidBank -1033.28 HKD
  type: "Bill Payment"
  sourceId: "7ccbec73-1f30-4284-8989-739e3efdb51c"
  referenceNo: "539"
  orderId: "e2102078-724d-46a4-8a5c-76bc914c1fb6"
2023-06-24 * "Bill #643 INV#239訂貨,NO.230020"
  referenceNo: "643"
  orderId: "943dd9ac-661c-4d21-af98-712cb2dd62c9"
  type: "Bill"
  Expenses:CostOfSales:Purchase:PurchaseItem:Buy18kJewelry 2941.00 HKD
  category: "Ring Setting"
  sku: "DDFF2306240B000000000001"
  qty: 1
  referenceNo: "643"
  orderId: "943dd9ac-661c-4d21-af98-712cb2dd62c9"
  type: "Bill Item"
  sourceId: "f197b2b9-aa73-4200-9fd8-7e53cdb4c8cb"
  Expenses:CostOfSales:Purchase:PurchaseItem:Buy18kJewelry 3100.00 HKD
  category: "Jewelry"
  sku: "DDFF23062401000000000003"
  qty: 1
  referenceNo: "643"
  orderId: "943dd9ac-661c-4d21-af98-712cb2dd62c9"
  type: "Bill Item"
  sourceId: "0d6efd5d-bc03-4f61-9307-37633c7dcda2"
  Expenses:CostOfSales:Purchase:PurchaseItem:Buy18kJewelry 3300.00 HKD
  category: "Jewelry"
  sku: "DDFF23062401000000000002"
  qty: 1
  referenceNo: "643"
  orderId: "943dd9ac-661c-4d21-af98-712cb2dd62c9"
  type: "Bill Item"
  sourceId: "51f75cd3-8f18-4b5e-b8d0-e005523e24cf"
  Liabilities:CurrentLiabilities:AccountPayable
  referenceNo: "643"
  orderId: "943dd9ac-661c-4d21-af98-712cb2dd62c9"
  type: "Bill"
  sourceId: "943dd9ac-661c-4d21-af98-712cb2dd62c9"
  contact: "998 12345767 (SkyHighHoldingsGroupLtd) [efdca012-5d6e-4361-8ec7-f5566615d58a]"
2023-06-25 * "Bill #568 BOC VISA Card - Sam 6月 2023"
  referenceNo: "568"
  orderId: "46cab49f-1f6f-41fb-8a0b-084ec99ce842"
  type: "Bill"
  Expenses:GeneralExpense:Travelling 97.69 HKD
  qty: "1"
  description: "星加坡交通費 UD-T4 (SGD16.5) (31-5-2023)"
  referenceNo: "568"
  orderId: "46cab49f-1f6f-41fb-8a0b-084ec99ce842"
  type: "Bill Item"
  sourceId: "2fabdd10-e03d-4342-b80a-7a9ac85ce841"
  Liabilities:CurrentLiabilities:AccountPayable
  referenceNo: "568"
  orderId: "46cab49f-1f6f-41fb-8a0b-084ec99ce842"
  type: "Bill"
  sourceId: "46cab49f-1f6f-41fb-8a0b-084ec99ce842"
  contact: "880 806 () [53b8789a-4451-4a1f-84f7-a9c5da7ada1a]"
2023-06-25 * "880 806 () [53b8789a-4451-4a1f-84f7-a9c5da7ada1a]" "Bill Payment for Bill #568 #6881823c-81a0-47f5-96b1-8dae5c2157f8"
  Liabilities:CurrentLiabilities:AccountPayable 97.69 HKD
  contact: "880 806 () [53b8789a-4451-4a1f-84f7-a9c5da7ada1a]"
  type: "Bill Payment"
  sourceId: "6881823c-81a0-47f5-96b1-8dae5c2157f8"
  referenceNo: "568"
  orderId: "46cab49f-1f6f-41fb-8a0b-084ec99ce842"
  Assets:CurrentAssets:Bank:BocVisaCard-SamBank -97.69 HKD
  type: "Bill Payment"
  sourceId: "6881823c-81a0-47f5-96b1-8dae5c2157f8"
  referenceNo: "568"
  orderId: "46cab49f-1f6f-41fb-8a0b-084ec99ce842"
2023-06-25 * "Invoice #127 AA39252"
  Income:Sales:SalesItem:Sell18kJewelry -2900.00 HKD
  category: "Gold Jewelry"
  sku: "DDFF2305120A000000000004"
  qty: 1
  referenceNo: "127"
  orderId: "f62dbcb1-610a-46ca-95cd-4b74ac320726"
  type: "Invoice Item"
  sourceId: "5c3500f0-038b-4d01-8178-ec465df5e1c6"
  Assets:CurrentAssets:AccountReceivable
  referenceNo: "127"
  orderId: "f62dbcb1-610a-46ca-95cd-4b74ac320726"
  type: "Invoice"
  sourceId: "f62dbcb1-610a-46ca-95cd-4b74ac320726"
  contact: "880 802 (Walkin) [42348712-7daa-4c29-93b7-756b472429a4]"
2023-06-25 * "Assets:CurrentAssets:Bank:KpayBank" "Invoice Payment for Invoice #127 #5be60806-dac7-4974-bc26-9c54f3b0eb63"
  Assets:CurrentAssets:Bank:KpayBank 2900.00 HKD
  type: "Invoice Payment"
  sourceId: "5be60806-dac7-4974-bc26-9c54f3b0eb63"
  referenceNo: "127"
  orderId: "f62dbcb1-610a-46ca-95cd-4b74ac320726"
  Assets:CurrentAssets:AccountReceivable -2900.00 HKD
  type: "Invoice Payment"
  sourceId: "5be60806-dac7-4974-bc26-9c54f3b0eb63"
  referenceNo: "127"
  orderId: "f62dbcb1-610a-46ca-95cd-4b74ac320726"
  contact: "880 802 (Walkin) [42348712-7daa-4c29-93b7-756b472429a4]"
2023-06-26 * "Bill #688 MICROSOFT*MICROSOFT 365 F"
  referenceNo: "688"
  orderId: "c2248510-c2c5-4f4c-b407-21f80e41dd0c"
  type: "Bill"
  Expenses:GeneralExpense:Subscriptions 78.00 HKD
  qty: "1"
  description: "MICROSOFT*MICROSOFT 365 F"
  referenceNo: "688"
  orderId: "c2248510-c2c5-4f4c-b407-21f80e41dd0c"
  type: "Bill Item"
  sourceId: "9d7d8e96-6647-4f8c-8936-ad9fb54b002b"
  Liabilities:CurrentLiabilities:AccountPayable
  referenceNo: "688"
  orderId: "c2248510-c2c5-4f4c-b407-21f80e41dd0c"
  type: "Bill"
  sourceId: "c2248510-c2c5-4f4c-b407-21f80e41dd0c"
  contact: "880 806 () [53b8789a-4451-4a1f-84f7-a9c5da7ada1a]"
2023-06-26 * "Bill #676 (to cxl) GENERAL EXP"
  referenceNo: "676"
  orderId: "7a3be215-7b58-4459-8058-a29983235528"
  type: "Bill"
  Expenses:GeneralExpense:GeneralExpensesDirect 0.00 HKD
  qty: "1"
  description: "咖啡纸杯"
  referenceNo: "676"
  orderId: "7a3be215-7b58-4459-8058-a29983235528"
  type: "Bill Item"
  sourceId: "29debdfb-7b38-4738-9076-c55a3895a237"
  Expenses:GeneralExpense:GeneralExpensesDirect 0.00 HKD
  qty: "1"
  description: "桌面收纳盒"
  referenceNo: "676"
  orderId: "7a3be215-7b58-4459-8058-a29983235528"
  type: "Bill Item"
  sourceId: "4c620910-b088-4ee1-950c-94ca024382ce"
  Expenses:GeneralExpense:Subscriptions 0.00 HKD
  qty: "1"
  description: "MICROSOFT*MICROSOFT 365 F"
  referenceNo: "676"
  orderId: "7a3be215-7b58-4459-8058-a29983235528"
  type: "Bill Item"
  sourceId: "5509a975-d200-41a8-b257-6b827aa402be"
  Liabilities:CurrentLiabilities:AccountPayable
  referenceNo: "676"
  orderId: "7a3be215-7b58-4459-8058-a29983235528"
  type: "Bill"
  sourceId: "7a3be215-7b58-4459-8058-a29983235528"
  contact: "880 806 () [53b8789a-4451-4a1f-84f7-a9c5da7ada1a]"
2023-06-26 * "Bill #674 GENERAL EXP"
  referenceNo: "674"
  orderId: "edd60881-28f0-4acf-b4bf-94d13243784c"
  type: "Bill"
  Expenses:GeneralExpense:GeneralExpensesDirect 429.89 HKD
  qty: "1"
  description: "桌上电脑架 X2"
  referenceNo: "674"
  orderId: "edd60881-28f0-4acf-b4bf-94d13243784c"
  type: "Bill Item"
  sourceId: "950a8b73-9f54-4d01-bf45-0717decbbf87"
  Expenses:GeneralExpense:GeneralExpensesDirect 288.43 HKD
  qty: "1"
  description: "桌上电脑架 X1"
  referenceNo: "674"
  orderId: "edd60881-28f0-4acf-b4bf-94d13243784c"
  type: "Bill Item"
  sourceId: "f47341c7-7c9a-402e-9f37-6f0bc8179fa8"
  Expenses:GeneralExpense:GeneralExpensesDirect 70.73 HKD
  qty: "1"
  description: "擦钻石的布擦"
  referenceNo: "674"
  orderId: "edd60881-28f0-4acf-b4bf-94d13243784c"
  type: "Bill Item"
  sourceId: "697954ce-975b-49ba-a7a6-446d890212a2"
  Expenses:GeneralExpense:GeneralExpensesDirect 165.77 HKD
  qty: "1"
  description: "手套"
  referenceNo: "674"
  orderId: "edd60881-28f0-4acf-b4bf-94d13243784c"
  type: "Bill Item"
  sourceId: "b4c433cb-ce3b-48fb-8c90-33f59ca6a50f"
  Liabilities:CurrentLiabilities:AccountPayable
  referenceNo: "674"
  orderId: "edd60881-28f0-4acf-b4bf-94d13243784c"
  type: "Bill"
  sourceId: "edd60881-28f0-4acf-b4bf-94d13243784c"
  contact: "880 806 () [53b8789a-4451-4a1f-84f7-a9c5da7ada1a]"
2023-06-26 * "Bill #687 GENERAL EXP"
  referenceNo: "687"
  orderId: "e6293dbd-0855-4344-bea5-ba13e9e74949"
  type: "Bill"
  Expenses:GeneralExpense:GeneralExpensesDirect 61.68 HKD
  qty: "1"
  description: "咖啡纸杯"
  referenceNo: "687"
  orderId: "e6293dbd-0855-4344-bea5-ba13e9e74949"
  type: "Bill Item"
  sourceId: "9bd443fc-7466-4add-9c83-acee61a2031f"
  Expenses:GeneralExpense:GeneralExpensesDirect 61.24 HKD
  qty: "1"
  description: "桌面收纳盒"
  referenceNo: "687"
  orderId: "e6293dbd-0855-4344-bea5-ba13e9e74949"
  type: "Bill Item"
  sourceId: "6743fb98-1b07-49dd-b5bd-fe09c8dadf92"
  Liabilities:CurrentLiabilities:AccountPayable
  referenceNo: "687"
  orderId: "e6293dbd-0855-4344-bea5-ba13e9e74949"
  type: "Bill"
  sourceId: "e6293dbd-0855-4344-bea5-ba13e9e74949"
  contact: "880 806 () [53b8789a-4451-4a1f-84f7-a9c5da7ada1a]"
2023-06-26 * "Bill #557 kpay064"
  referenceNo: "557"
  orderId: "271af4fc-6433-48bb-aaa6-9f1739d30af5"
  type: "Bill"
  Expenses:GeneralExpense:CardFeeExpense 61.00 HKD
  qty: "1"
  description: "2000-1939 = 61"
  referenceNo: "557"
  orderId: "271af4fc-6433-48bb-aaa6-9f1739d30af5"
  type: "Bill Item"
  sourceId: "82fcda36-48ef-4067-b42c-0108070445c4"
  Liabilities:CurrentLiabilities:AccountPayable
  referenceNo: "557"
  orderId: "271af4fc-6433-48bb-aaa6-9f1739d30af5"
  type: "Bill"
  sourceId: "271af4fc-6433-48bb-aaa6-9f1739d30af5"
  contact: "998 12345821 (KPAY) [5a706f32-7edc-48d8-ae47-62fee1e8bba1]"
2023-06-26 * "Bill #579 Kapu Inv#620542 - USD33,177.65 10 GIA PURCHASE "
  referenceNo: "579"
  orderId: "896f0435-03d8-4b64-987d-43eb0727c46f"
  type: "Bill"
  Expenses:CostOfSales:Purchase:PurchaseItem:BuyDiamond 21068.00 HKD
  category: "Natural Diamond"
  sku: "DDFFFFFF0800007456868826"
  qty: 1
  referenceNo: "579"
  orderId: "896f0435-03d8-4b64-987d-43eb0727c46f"
  type: "Bill Item"
  sourceId: "de3d42dd-2d67-4ff3-b34c-43ea026d6e75"
  Expenses:CostOfSales:Purchase:PurchaseItem:BuyDiamond 27331.00 HKD
  category: "Natural Diamond"
  sku: "DDFFFFFF0800002424718998"
  qty: 1
  referenceNo: "579"
  orderId: "896f0435-03d8-4b64-987d-43eb0727c46f"
  type: "Bill Item"
  sourceId: "f26f0327-e11a-4e28-bdeb-69294e29cdef"
  Expenses:CostOfSales:Purchase:PurchaseItem:BuyDiamond 35640.00 HKD
  category: "Natural Diamond"
  sku: "DDFFFFFF0800006461870731"
  qty: 1
  referenceNo: "579"
  orderId: "896f0435-03d8-4b64-987d-43eb0727c46f"
  type: "Bill Item"
  sourceId: "2e827030-d242-4633-b46a-a27546f08017"
  Expenses:CostOfSales:Purchase:PurchaseItem:BuyDiamond 19407.00 HKD
  category: "Natural Diamond"
  sku: "DDFFFFFF0800007451485510"
  qty: 1
  referenceNo: "579"
  orderId: "896f0435-03d8-4b64-987d-43eb0727c46f"
  type: "Bill Item"
  sourceId: "7f6dfcd7-24fd-46a8-a38a-09ee73be3afa"
  Expenses:CostOfSales:Purchase:PurchaseItem:BuyDiamond 27938.00 HKD
  category: "Natural Diamond"
  sku: "DDFFFFFF0800006442054262"
  qty: 1
  referenceNo: "579"
  orderId: "896f0435-03d8-4b64-987d-43eb0727c46f"
  type: "Bill Item"
  sourceId: "0ccaa230-09d3-4f49-9e72-34646b47527a"
  Expenses:CostOfSales:Purchase:PurchaseItem:BuyDiamond 37944.00 HKD
  category: "Natural Diamond"
  sku: "DDFFFFFF0800002436792665"
  qty: 1
  referenceNo: "579"
  orderId: "896f0435-03d8-4b64-987d-43eb0727c46f"
  type: "Bill Item"
  sourceId: "345c69a0-8240-4ea1-a2f7-311d9e0bf5cc"
  Expenses:CostOfSales:Purchase:PurchaseItem:BuyDiamond 20163.00 HKD
  category: "Natural Diamond"
  sku: "DDFFFFFF0800007468340177"
  qty: 1
  referenceNo: "579"
  orderId: "896f0435-03d8-4b64-987d-43eb0727c46f"
  type: "Bill Item"
  sourceId: "6569e371-a759-40bb-b1ea-08a7c0e0499b"
  Expenses:CostOfSales:Purchase:PurchaseItem:BuyDiamond 19813.00 HKD
  category: "Natural Diamond"
  sku: "DDFFFFFF0800006425909628"
  qty: 1
  referenceNo: "579"
  orderId: "896f0435-03d8-4b64-987d-43eb0727c46f"
  type: "Bill Item"
  sourceId: "82a0ae06-cdc0-40fd-a799-5558f0b8845d"
  Expenses:CostOfSales:Purchase:PurchaseItem:BuyDiamond 25411.00 HKD
  category: "Natural Diamond"
  sku: "DDFFFFFF0800006224800794"
  qty: 1
  referenceNo: "579"
  orderId: "896f0435-03d8-4b64-987d-43eb0727c46f"
  type: "Bill Item"
  sourceId: "a86a0f61-4d9f-4cfb-8736-65663306ca24"
  Expenses:CostOfSales:Purchase:PurchaseItem:BuyDiamond 25700.00 HKD
  category: "Natural Diamond"
  sku: "DDFFFFFF0800005423450878"
  qty: 1
  referenceNo: "579"
  orderId: "896f0435-03d8-4b64-987d-43eb0727c46f"
  type: "Bill Item"
  sourceId: "5d73c200-9fe5-491c-b5fd-855c6d4bd0f1"
  Liabilities:CurrentLiabilities:AccountPayable
  referenceNo: "579"
  orderId: "896f0435-03d8-4b64-987d-43eb0727c46f"
  type: "Bill"
  sourceId: "896f0435-03d8-4b64-987d-43eb0727c46f"
  contact: "998 12345724 (KAPUGEMSLTD.) [c850eb5c-1b23-4934-9ff2-8baefd5472d0]"
2023-06-26 * "Bill #675 GENERAL EXP"
  referenceNo: "675"
  orderId: "360ecb61-2413-46a3-9a77-20aaaec7d716"
  type: "Bill"
  Expenses:GeneralExpense:GeneralExpensesDirect 270.75 HKD
  qty: "1"
  description: "格子柜"
  referenceNo: "675"
  orderId: "360ecb61-2413-46a3-9a77-20aaaec7d716"
  type: "Bill Item"
  sourceId: "08afd1cf-d104-41fd-ac42-2a9f1cc611cf"
  Expenses:GeneralExpense:GeneralExpensesDirect 193.98 HKD
  qty: "1"
  description: "落地简易书柜"
  referenceNo: "675"
  orderId: "360ecb61-2413-46a3-9a77-20aaaec7d716"
  type: "Bill Item"
  sourceId: "594f5151-b792-4047-b520-15805b498c3c"
  Expenses:GeneralExpense:GeneralExpensesDirect 2851.17 HKD
  qty: "1"
  description: "茶几+運費"
  referenceNo: "675"
  orderId: "360ecb61-2413-46a3-9a77-20aaaec7d716"
  type: "Bill Item"
  sourceId: "1fe6fc8a-279a-4a76-b40a-5a09020c9f31"
  Expenses:GeneralExpense:GeneralExpensesDirect 127.09 HKD
  qty: "1"
  description: "淘寶集運"
  referenceNo: "675"
  orderId: "360ecb61-2413-46a3-9a77-20aaaec7d716"
  type: "Bill Item"
  sourceId: "8076a8da-392b-402c-945e-c1f9c7009d34"
  Expenses:GeneralExpense:GeneralExpensesDirect 96.14 HKD
  qty: "1"
  description: "淘寶集運"
  referenceNo: "675"
  orderId: "360ecb61-2413-46a3-9a77-20aaaec7d716"
  type: "Bill Item"
  sourceId: "aca32135-b042-42ab-ae47-09cfa3d144c4"
  Liabilities:CurrentLiabilities:AccountPayable
  referenceNo: "675"
  orderId: "360ecb61-2413-46a3-9a77-20aaaec7d716"
  type: "Bill"
  sourceId: "360ecb61-2413-46a3-9a77-20aaaec7d716"
  contact: "880 806 () [53b8789a-4451-4a1f-84f7-a9c5da7ada1a]"
2023-06-26 * "Bill #838 G17印刷費 - FOAM BOARD (Banner Shop)"
  referenceNo: "838"
  orderId: "65e0fb7b-1c0e-4997-928a-743fd002b382"
  type: "Bill"
  Expenses:GeneralExpense:GeneralExpensesDirect 1587.00 HKD
  qty: "1"
  description: "G17印刷費 - FOAM BOARD (Banner Shop)"
  referenceNo: "838"
  orderId: "65e0fb7b-1c0e-4997-928a-743fd002b382"
  type: "Bill Item"
  sourceId: "2ec19a2f-bbed-4856-8a1f-b31be4313000"
  Liabilities:CurrentLiabilities:AccountPayable
  referenceNo: "838"
  orderId: "65e0fb7b-1c0e-4997-928a-743fd002b382"
  type: "Bill"
  sourceId: "65e0fb7b-1c0e-4997-928a-743fd002b382"
  contact: "880 806 () [53b8789a-4451-4a1f-84f7-a9c5da7ada1a]"
2023-06-26 * "880 806 () [53b8789a-4451-4a1f-84f7-a9c5da7ada1a]" "Bill Payment for Bill #838 #6f6c46a7-0a85-4f5f-91f1-2c9686a49f50"
  Liabilities:CurrentLiabilities:AccountPayable 1587.00 HKD
  contact: "880 806 () [53b8789a-4451-4a1f-84f7-a9c5da7ada1a]"
  type: "Bill Payment"
  sourceId: "6f6c46a7-0a85-4f5f-91f1-2c9686a49f50"
  referenceNo: "838"
  orderId: "65e0fb7b-1c0e-4997-928a-743fd002b382"
  Liabilities:CurrentLiabilities:CurrentAccount:C-a-MilrichElectronicsHkCoLtd -1587.00 HKD
  type: "Bill Payment"
  sourceId: "6f6c46a7-0a85-4f5f-91f1-2c9686a49f50"
  referenceNo: "838"
  orderId: "65e0fb7b-1c0e-4997-928a-743fd002b382"
2023-06-26 * "880 806 () [53b8789a-4451-4a1f-84f7-a9c5da7ada1a]" "Bill Payment for Bill #675 #ef293ff4-25e0-420c-aa34-c78ef6fc5906"
  Liabilities:CurrentLiabilities:AccountPayable 3539.13 HKD
  contact: "880 806 () [53b8789a-4451-4a1f-84f7-a9c5da7ada1a]"
  type: "Bill Payment"
  sourceId: "ef293ff4-25e0-420c-aa34-c78ef6fc5906"
  referenceNo: "675"
  orderId: "360ecb61-2413-46a3-9a77-20aaaec7d716"
  Assets:CurrentAssets:Bank:BocVisaCard-DavidBank -3539.13 HKD
  type: "Bill Payment"
  sourceId: "ef293ff4-25e0-420c-aa34-c78ef6fc5906"
  referenceNo: "675"
  orderId: "360ecb61-2413-46a3-9a77-20aaaec7d716"
2023-06-26 * "880 806 () [53b8789a-4451-4a1f-84f7-a9c5da7ada1a]" "Bill Payment for Bill #674 #ec9d883e-ad90-4528-b089-309d5a966034"
  Liabilities:CurrentLiabilities:AccountPayable 954.82 HKD
  contact: "880 806 () [53b8789a-4451-4a1f-84f7-a9c5da7ada1a]"
  type: "Bill Payment"
  sourceId: "ec9d883e-ad90-4528-b089-309d5a966034"
  referenceNo: "674"
  orderId: "edd60881-28f0-4acf-b4bf-94d13243784c"
  Assets:CurrentAssets:Bank:BocVisaCard-DavidBank -954.82 HKD
  type: "Bill Payment"
  sourceId: "ec9d883e-ad90-4528-b089-309d5a966034"
  referenceNo: "674"
  orderId: "edd60881-28f0-4acf-b4bf-94d13243784c"
2023-06-26 * "998 12345821 (KPAY) [5a706f32-7edc-48d8-ae47-62fee1e8bba1]" "Bill Payment for Bill #557 #a009d2fc-8e51-43f2-8e4f-02c697f817f3"
  Liabilities:CurrentLiabilities:AccountPayable 61.00 HKD
  contact: "998 12345821 (KPAY) [5a706f32-7edc-48d8-ae47-62fee1e8bba1]"
  type: "Bill Payment"
  sourceId: "a009d2fc-8e51-43f2-8e4f-02c697f817f3"
  referenceNo: "557"
  orderId: "271af4fc-6433-48bb-aaa6-9f1739d30af5"
  Assets:CurrentAssets:Bank:KpayBank -61.00 HKD
  type: "Bill Payment"
  sourceId: "a009d2fc-8e51-43f2-8e4f-02c697f817f3"
  referenceNo: "557"
  orderId: "271af4fc-6433-48bb-aaa6-9f1739d30af5"
2023-06-26 * "880 806 () [53b8789a-4451-4a1f-84f7-a9c5da7ada1a]" "Bill Payment for Bill #687 #2ce32083-c4cf-419f-bfb1-80260fd6b8eb"
  Liabilities:CurrentLiabilities:AccountPayable 122.92 HKD
  contact: "880 806 () [53b8789a-4451-4a1f-84f7-a9c5da7ada1a]"
  type: "Bill Payment"
  sourceId: "2ce32083-c4cf-419f-bfb1-80260fd6b8eb"
  referenceNo: "687"
  orderId: "e6293dbd-0855-4344-bea5-ba13e9e74949"
  Assets:CurrentAssets:Bank:BocVisaCard-DavidBank -122.92 HKD
  type: "Bill Payment"
  sourceId: "2ce32083-c4cf-419f-bfb1-80260fd6b8eb"
  referenceNo: "687"
  orderId: "e6293dbd-0855-4344-bea5-ba13e9e74949"
2023-06-26 * "880 806 () [53b8789a-4451-4a1f-84f7-a9c5da7ada1a]" "Bill Payment for Bill #688 #241836b8-e70f-4964-8d1a-5c2b2c83b8b7"
  Liabilities:CurrentLiabilities:AccountPayable 78.00 HKD
  contact: "880 806 () [53b8789a-4451-4a1f-84f7-a9c5da7ada1a]"
  type: "Bill Payment"
  sourceId: "241836b8-e70f-4964-8d1a-5c2b2c83b8b7"
  referenceNo: "688"
  orderId: "c2248510-c2c5-4f4c-b407-21f80e41dd0c"
  Assets:CurrentAssets:Bank:BocVisaCard-DavidBank -78.00 HKD
  type: "Bill Payment"
  sourceId: "241836b8-e70f-4964-8d1a-5c2b2c83b8b7"
  referenceNo: "688"
  orderId: "c2248510-c2c5-4f4c-b407-21f80e41dd0c"
2023-06-26 * "Invoice #138 "
  Income:Sales:SalesItem:SellGoldJewelry -4100.00 HKD
  category: "Gold Jewelry"
  sku: "DDFF23051704000000000084"
  qty: 1
  referenceNo: "138"
  orderId: "fc9d02e7-fcea-4624-af54-5d5d78730cef"
  type: "Invoice Item"
  sourceId: "d54a367b-6830-4920-86e6-7ba87138d81d"
  Income:Sales:SalesItem:SellBespokeorotherFee -0.00 HKD
  description: "金飾工費 : 480*36%OFF (TOTAL : 3796 + 304)"
  qty: 1
  referenceNo: "138"
  orderId: "fc9d02e7-fcea-4624-af54-5d5d78730cef"
  type: "Invoice Item"
  sourceId: "521676c7-0b6f-4444-a1bb-d7b453f1584a"
  Assets:CurrentAssets:AccountReceivable
  referenceNo: "138"
  orderId: "fc9d02e7-fcea-4624-af54-5d5d78730cef"
  type: "Invoice"
  sourceId: "fc9d02e7-fcea-4624-af54-5d5d78730cef"
  contact: "86 13823373222 (MS.CHAN) [9ef26f84-fc82-4871-9aa5-14a3f1941cd1]"
2023-06-26 * "Assets:CurrentAssets:Cash:CashInHand" "Invoice Payment for Invoice #138 #c5b62108-8955-4923-ba59-76f2cf1a7638"
  Assets:CurrentAssets:Cash:CashInHand 4100.00 HKD
  type: "Invoice Payment"
  sourceId: "c5b62108-8955-4923-ba59-76f2cf1a7638"
  referenceNo: "138"
  orderId: "fc9d02e7-fcea-4624-af54-5d5d78730cef"
  Assets:CurrentAssets:AccountReceivable -4100.00 HKD
  type: "Invoice Payment"
  sourceId: "c5b62108-8955-4923-ba59-76f2cf1a7638"
  referenceNo: "138"
  orderId: "fc9d02e7-fcea-4624-af54-5d5d78730cef"
  contact: "86 13823373222 (MS.CHAN) [9ef26f84-fc82-4871-9aa5-14a3f1941cd1]"
2023-06-27 * "Bill #548 待發票 GIA PURCHASE 6442304605"
  referenceNo: "548"
  orderId: "be32739c-4fe3-4aa4-8d76-eb619ffb57fc"
  type: "Bill"
  Expenses:CostOfSales:Purchase:PurchaseItem:BuyDiamond 56903.50 HKD
  category: "Natural Diamond"
  sku: "DDFFFFFF0800006442304605"
  qty: 1
  referenceNo: "548"
  orderId: "be32739c-4fe3-4aa4-8d76-eb619ffb57fc"
  type: "Bill Item"
  sourceId: "9def0057-34f2-4337-a8a2-4784dd154a0b"
  Liabilities:CurrentLiabilities:AccountPayable
  referenceNo: "548"
  orderId: "be32739c-4fe3-4aa4-8d76-eb619ffb57fc"
  type: "Bill"
  sourceId: "be32739c-4fe3-4aa4-8d76-eb619ffb57fc"
  contact: "998 12345775 (VED-VENIDIAMLTD) [af11cd82-725d-4855-83d7-d2ed50d9fa56]"
2023-06-27 * "Bill #559 kpay066"
  referenceNo: "559"
  orderId: "7e71b258-309e-47f8-8159-e5b4e088ffc2"
  type: "Bill"
  Expenses:GeneralExpense:CardFeeExpense 538.05 HKD
  qty: "1"
  description: "44754-44215.95 = 538.05"
  referenceNo: "559"
  orderId: "7e71b258-309e-47f8-8159-e5b4e088ffc2"
  type: "Bill Item"
  sourceId: "046708d6-aa00-4516-b7b3-a143f1a57c97"
  Liabilities:CurrentLiabilities:AccountPayable
  referenceNo: "559"
  orderId: "7e71b258-309e-47f8-8159-e5b4e088ffc2"
  type: "Bill"
  sourceId: "7e71b258-309e-47f8-8159-e5b4e088ffc2"
  contact: "998 12345821 (KPAY) [5a706f32-7edc-48d8-ae47-62fee1e8bba1]"
2023-06-27 * "Bill #552 kpay065"
  referenceNo: "552"
  orderId: "94f22ed7-80f6-4581-9475-4e292f8fa060"
  type: "Bill"
  Expenses:GeneralExpense:CardFeeExpense 301.00 HKD
  qty: "1"
  description: "20000-19699=301"
  referenceNo: "552"
  orderId: "94f22ed7-80f6-4581-9475-4e292f8fa060"
  type: "Bill Item"
  sourceId: "5de3c1a1-0db9-4783-93f5-374ae4b41b21"
  Liabilities:CurrentLiabilities:AccountPayable
  referenceNo: "552"
  orderId: "94f22ed7-80f6-4581-9475-4e292f8fa060"
  type: "Bill"
  sourceId: "94f22ed7-80f6-4581-9475-4e292f8fa060"
  contact: "998 12345821 (KPAY) [5a706f32-7edc-48d8-ae47-62fee1e8bba1]"
2023-06-27 * "Bill #558 Bank fee (REJECTED)"
  referenceNo: "558"
  orderId: "84088a82-ced5-4c12-9f17-341338e8ba85"
  type: "Bill"
  Expenses:GeneralExpense:BankFeesExpense -55.00 HKD
  qty: "1"
  description: "CHATS OUT - REJECTED"
  referenceNo: "558"
  orderId: "84088a82-ced5-4c12-9f17-341338e8ba85"
  type: "Bill Item"
  sourceId: "2af548ef-cdbe-4456-8173-323ef685348d"
  Liabilities:CurrentLiabilities:AccountPayable
  referenceNo: "558"
  orderId: "84088a82-ced5-4c12-9f17-341338e8ba85"
  type: "Bill"
  sourceId: "84088a82-ced5-4c12-9f17-341338e8ba85"
  contact: "880 806 () [53b8789a-4451-4a1f-84f7-a9c5da7ada1a]"
2023-06-27 * "Bill #556 bank fee"
  referenceNo: "556"
  orderId: "79c04bb4-e120-406c-8e85-1ea1f207c7fc"
  type: "Bill"
  Expenses:GeneralExpense:BankFeesExpense 55.00 HKD
  qty: "1"
  description: "chats out"
  referenceNo: "556"
  orderId: "79c04bb4-e120-406c-8e85-1ea1f207c7fc"
  type: "Bill Item"
  sourceId: "ed2d46c8-9660-4a09-b0a5-101379461e58"
  Liabilities:CurrentLiabilities:AccountPayable
  referenceNo: "556"
  orderId: "79c04bb4-e120-406c-8e85-1ea1f207c7fc"
  type: "Bill"
  sourceId: "79c04bb4-e120-406c-8e85-1ea1f207c7fc"
  contact: "880 806 () [53b8789a-4451-4a1f-84f7-a9c5da7ada1a]"
2023-06-27 * "Bill #785 323上網(2023-7月)"
  referenceNo: "785"
  orderId: "f896cd05-d1e7-4025-bfd6-26d7c51b0402"
  type: "Bill"
  Expenses:GeneralExpense:TelephoneAndInternetAndAlarm 338.00 HKD
  qty: "1"
  description: "323上網(2023-7月)"
  referenceNo: "785"
  orderId: "f896cd05-d1e7-4025-bfd6-26d7c51b0402"
  type: "Bill Item"
  sourceId: "410128a9-c7b6-44be-a58b-090c6fa62c6f"
  Liabilities:CurrentLiabilities:AccountPayable
  referenceNo: "785"
  orderId: "f896cd05-d1e7-4025-bfd6-26d7c51b0402"
  type: "Bill"
  sourceId: "f896cd05-d1e7-4025-bfd6-26d7c51b0402"
  contact: "880 806 () [53b8789a-4451-4a1f-84f7-a9c5da7ada1a]"
2023-06-27 * "Bill #807 DKK 申請美金本票 Bank Fee"
  referenceNo: "807"
  orderId: "d3c913df-a0f3-44e1-a728-797ca688337f"
  type: "Bill"
  Expenses:GeneralExpense:BankFeesExpense 50.00 HKD
  qty: "1"
  description: "DKK購買本票手續費 (Handling Fee)"
  referenceNo: "807"
  orderId: "d3c913df-a0f3-44e1-a728-797ca688337f"
  type: "Bill Item"
  sourceId: "55377b50-32af-474c-9672-8d5d15bf4d19"
  Expenses:GeneralExpense:BankFeesExpense 150.00 HKD
  qty: "1"
  description: "DKK 申請美金支票查察費 (Company Search Fee)"
  referenceNo: "807"
  orderId: "d3c913df-a0f3-44e1-a728-797ca688337f"
  type: "Bill Item"
  sourceId: "6a4652cc-5170-4ae6-9b6f-47522607d9bc"
  Liabilities:CurrentLiabilities:AccountPayable
  referenceNo: "807"
  orderId: "d3c913df-a0f3-44e1-a728-797ca688337f"
  type: "Bill"
  sourceId: "d3c913df-a0f3-44e1-a728-797ca688337f"
  contact: "998 12345835 (boc(bankofchina)) [82f385a7-d238-4826-9a12-e06648f93cdb]"
2023-06-27 * "998 12345775 (VED-VENIDIAMLTD) [af11cd82-725d-4855-83d7-d2ed50d9fa56]" "Bill Payment for Bill #548 #ce317bf0-d91a-41f6-97c1-efde2d3a46ec"
  Liabilities:CurrentLiabilities:AccountPayable 56903.50 HKD
  contact: "998 12345775 (VED-VENIDIAMLTD) [af11cd82-725d-4855-83d7-d2ed50d9fa56]"
  type: "Bill Payment"
  sourceId: "ce317bf0-d91a-41f6-97c1-efde2d3a46ec"
  referenceNo: "548"
  orderId: "be32739c-4fe3-4aa4-8d76-eb619ffb57fc"
  Liabilities:CurrentLiabilities:CurrentAccount:C-a-MilrichElectronicsHkCoLtd -56903.50 HKD
  type: "Bill Payment"
  sourceId: "ce317bf0-d91a-41f6-97c1-efde2d3a46ec"
  referenceNo: "548"
  orderId: "be32739c-4fe3-4aa4-8d76-eb619ffb57fc"
2023-06-27 * "880 806 () [53b8789a-4451-4a1f-84f7-a9c5da7ada1a]" "Bill Payment for Bill #785 #77036320-b6dd-4503-9db2-468d776e87f7"
  Liabilities:CurrentLiabilities:AccountPayable 338.00 HKD
  contact: "880 806 () [53b8789a-4451-4a1f-84f7-a9c5da7ada1a]"
  type: "Bill Payment"
  sourceId: "77036320-b6dd-4503-9db2-468d776e87f7"
  referenceNo: "785"
  orderId: "f896cd05-d1e7-4025-bfd6-26d7c51b0402"
  Liabilities:CurrentLiabilities:CurrentAccount:C-a-MilrichElectronicsHkCoLtd -338.00 HKD
  type: "Bill Payment"
  sourceId: "77036320-b6dd-4503-9db2-468d776e87f7"
  referenceNo: "785"
  orderId: "f896cd05-d1e7-4025-bfd6-26d7c51b0402"
2023-06-27 * "998 12345835 (boc(bankofchina)) [82f385a7-d238-4826-9a12-e06648f93cdb]" "Bill Payment for Bill #807 #63cbd23f-5f40-4189-8108-6cfc2a22efd5"
  Liabilities:CurrentLiabilities:AccountPayable 200.00 HKD
  contact: "998 12345835 (boc(bankofchina)) [82f385a7-d238-4826-9a12-e06648f93cdb]"
  type: "Bill Payment"
  sourceId: "63cbd23f-5f40-4189-8108-6cfc2a22efd5"
  referenceNo: "807"
  orderId: "d3c913df-a0f3-44e1-a728-797ca688337f"
  Liabilities:CurrentLiabilities:CurrentAccount:C-a-MilrichElectronicsHkCoLtd -200.00 HKD
  type: "Bill Payment"
  sourceId: "63cbd23f-5f40-4189-8108-6cfc2a22efd5"
  referenceNo: "807"
  orderId: "d3c913df-a0f3-44e1-a728-797ca688337f"
2023-06-27 * "998 12345724 (KAPUGEMSLTD.) [c850eb5c-1b23-4934-9ff2-8baefd5472d0]" "Bill Payment for Bill #579 #9d6aefbf-c060-46c2-9c2f-ddee6289b157"
  Liabilities:CurrentLiabilities:AccountPayable 260415.00 HKD
  contact: "998 12345724 (KAPUGEMSLTD.) [c850eb5c-1b23-4934-9ff2-8baefd5472d0]"
  type: "Bill Payment"
  sourceId: "9d6aefbf-c060-46c2-9c2f-ddee6289b157"
  referenceNo: "579"
  orderId: "896f0435-03d8-4b64-987d-43eb0727c46f"
  Assets:CurrentAssets:Bank:BocForeignBank -260415.00 HKD
  type: "Bill Payment"
  sourceId: "9d6aefbf-c060-46c2-9c2f-ddee6289b157"
  referenceNo: "579"
  orderId: "896f0435-03d8-4b64-987d-43eb0727c46f"
2023-06-27 * "880 806 () [53b8789a-4451-4a1f-84f7-a9c5da7ada1a]" "Bill Payment for Bill #556 #55f40dbd-bcce-4122-8b35-b9395cf012d2"
  Liabilities:CurrentLiabilities:AccountPayable 55.00 HKD
  contact: "880 806 () [53b8789a-4451-4a1f-84f7-a9c5da7ada1a]"
  type: "Bill Payment"
  sourceId: "55f40dbd-bcce-4122-8b35-b9395cf012d2"
  referenceNo: "556"
  orderId: "79c04bb4-e120-406c-8e85-1ea1f207c7fc"
  Assets:CurrentAssets:Bank:BocSavingBank -55.00 HKD
  type: "Bill Payment"
  sourceId: "55f40dbd-bcce-4122-8b35-b9395cf012d2"
  referenceNo: "556"
  orderId: "79c04bb4-e120-406c-8e85-1ea1f207c7fc"
2023-06-27 * "880 806 () [53b8789a-4451-4a1f-84f7-a9c5da7ada1a]" "Bill Payment for Bill #558 #6341a0bb-d591-4311-95bd-46a900ce7aad"
  Liabilities:CurrentLiabilities:AccountPayable -55.00 HKD
  contact: "880 806 () [53b8789a-4451-4a1f-84f7-a9c5da7ada1a]"
  type: "Bill Payment"
  sourceId: "6341a0bb-d591-4311-95bd-46a900ce7aad"
  referenceNo: "558"
  orderId: "84088a82-ced5-4c12-9f17-341338e8ba85"
  Assets:CurrentAssets:Bank:BocSavingBank --55.00 HKD
  type: "Bill Payment"
  sourceId: "6341a0bb-d591-4311-95bd-46a900ce7aad"
  referenceNo: "558"
  orderId: "84088a82-ced5-4c12-9f17-341338e8ba85"
2023-06-27 * "998 12345821 (KPAY) [5a706f32-7edc-48d8-ae47-62fee1e8bba1]" "Bill Payment for Bill #552 #ad09b751-889c-4dab-b681-4c9582c2c23f"
  Liabilities:CurrentLiabilities:AccountPayable 301.00 HKD
  contact: "998 12345821 (KPAY) [5a706f32-7edc-48d8-ae47-62fee1e8bba1]"
  type: "Bill Payment"
  sourceId: "ad09b751-889c-4dab-b681-4c9582c2c23f"
  referenceNo: "552"
  orderId: "94f22ed7-80f6-4581-9475-4e292f8fa060"
  Assets:CurrentAssets:Bank:KpayBank -301.00 HKD
  type: "Bill Payment"
  sourceId: "ad09b751-889c-4dab-b681-4c9582c2c23f"
  referenceNo: "552"
  orderId: "94f22ed7-80f6-4581-9475-4e292f8fa060"
2023-06-28 * "Bill #677 GENERAL EXP"
  referenceNo: "677"
  orderId: "d04e2cb2-154e-47ca-980b-08b2b40cab27"
  type: "Bill"
  Expenses:GeneralExpense:GeneralExpensesDirect 264.03 HKD
  qty: "1"
  description: "挂腰风扇"
  referenceNo: "677"
  orderId: "d04e2cb2-154e-47ca-980b-08b2b40cab27"
  type: "Bill Item"
  sourceId: "2be975aa-caba-4fd3-a302-d2b905cc33f3"
  Expenses:GeneralExpense:GeneralExpensesDirect 263.98 HKD
  qty: "1"
  description: "HDM1"
  referenceNo: "677"
  orderId: "d04e2cb2-154e-47ca-980b-08b2b40cab27"
  type: "Bill Item"
  sourceId: "23fec54a-9000-4e30-a098-ff470be09e76"
  Liabilities:CurrentLiabilities:AccountPayable
  referenceNo: "677"
  orderId: "d04e2cb2-154e-47ca-980b-08b2b40cab27"
  type: "Bill"
  sourceId: "d04e2cb2-154e-47ca-980b-08b2b40cab27"
  contact: "880 806 () [53b8789a-4451-4a1f-84f7-a9c5da7ada1a]"
2023-06-28 * "Bill #560 kpay067"
  referenceNo: "560"
  orderId: "e516a5fd-010e-47c7-a9bd-5b20181eb754"
  type: "Bill"
  Expenses:GeneralExpense:CardFeeExpense 35.80 HKD
  qty: "1"
  description: "2900-2864.2=35.8"
  referenceNo: "560"
  orderId: "e516a5fd-010e-47c7-a9bd-5b20181eb754"
  type: "Bill Item"
  sourceId: "4f4cef98-63e1-42aa-93bc-27108e4824f5"
  Liabilities:CurrentLiabilities:AccountPayable
  referenceNo: "560"
  orderId: "e516a5fd-010e-47c7-a9bd-5b20181eb754"
  type: "Bill"
  sourceId: "e516a5fd-010e-47c7-a9bd-5b20181eb754"
  contact: "998 12345821 (KPAY) [5a706f32-7edc-48d8-ae47-62fee1e8bba1]"
2023-06-28 * "880 806 () [53b8789a-4451-4a1f-84f7-a9c5da7ada1a]" "Bill Payment for Bill #677 #073b340c-3fe1-4028-ac0c-702944dcd69a"
  Liabilities:CurrentLiabilities:AccountPayable 528.01 HKD
  contact: "880 806 () [53b8789a-4451-4a1f-84f7-a9c5da7ada1a]"
  type: "Bill Payment"
  sourceId: "073b340c-3fe1-4028-ac0c-702944dcd69a"
  referenceNo: "677"
  orderId: "d04e2cb2-154e-47ca-980b-08b2b40cab27"
  Assets:CurrentAssets:Bank:BocVisaCard-DavidBank -528.01 HKD
  type: "Bill Payment"
  sourceId: "073b340c-3fe1-4028-ac0c-702944dcd69a"
  referenceNo: "677"
  orderId: "d04e2cb2-154e-47ca-980b-08b2b40cab27"
2023-06-28 * "Invoice #154 "
  Income:Sales:SalesItem:SellGoldJewelry -19659.00 HKD
  category: "Gold Jewelry"
  sku: "DDFF23051203000000000009"
  qty: 1
  referenceNo: "154"
  orderId: "99688940-8045-4d42-8c92-43606020a1cd"
  type: "Invoice Item"
  sourceId: "f1297cea-8762-4da3-9451-7c02026847fa"
  Income:Sales:SalesItem:SellGoldJewelry -17156.00 HKD
  category: "Gold Jewelry"
  sku: "DDFF23051702000000000010"
  qty: 1
  referenceNo: "154"
  orderId: "99688940-8045-4d42-8c92-43606020a1cd"
  type: "Invoice Item"
  sourceId: "b1ebd248-68b3-4b68-b8fa-0113343bc1ee"
  Assets:CurrentAssets:AccountReceivable
  referenceNo: "154"
  orderId: "99688940-8045-4d42-8c92-43606020a1cd"
  type: "Invoice"
  sourceId: "99688940-8045-4d42-8c92-43606020a1cd"
  contact: "852 55961952 (MR.Rahul) [cf3f764c-8971-40ee-842b-5de6b4e43e1b]"
2023-06-28 * "Assets:CurrentAssets:Cash:CashInHand" "Invoice Payment for Invoice #154 #9e0dc127-b078-48e7-bec7-560354d13712"
  Assets:CurrentAssets:Cash:CashInHand 36815.00 HKD
  type: "Invoice Payment"
  sourceId: "9e0dc127-b078-48e7-bec7-560354d13712"
  referenceNo: "154"
  orderId: "99688940-8045-4d42-8c92-43606020a1cd"
  Assets:CurrentAssets:AccountReceivable -36815.00 HKD
  type: "Invoice Payment"
  sourceId: "9e0dc127-b078-48e7-bec7-560354d13712"
  referenceNo: "154"
  orderId: "99688940-8045-4d42-8c92-43606020a1cd"
  contact: "852 55961952 (MR.Rahul) [cf3f764c-8971-40ee-842b-5de6b4e43e1b]"
2023-06-29 * "Bill #1106 G17 PETTY CASH"
  referenceNo: "1106"
  orderId: "b6d0d323-38da-4603-95fc-ef1cc8c2e1f0"
  type: "Bill"
  Assets:CurrentAssets:Cash:PettyCash 1000.00 HKD
  qty: "1"
  description: "G17 PETTY CASH"
  referenceNo: "1106"
  orderId: "b6d0d323-38da-4603-95fc-ef1cc8c2e1f0"
  type: "Bill Item"
  sourceId: "9a72fc8d-0402-4f09-a204-9549519bf871"
  Assets:CurrentAssets:Cash:PettyCash 3000.00 HKD
  qty: "1"
  description: "G17 PETTY CASH"
  referenceNo: "1106"
  orderId: "b6d0d323-38da-4603-95fc-ef1cc8c2e1f0"
  type: "Bill Item"
  sourceId: "67b2f696-2373-4d39-9f4c-b06dce9a225f"
  Liabilities:CurrentLiabilities:AccountPayable
  referenceNo: "1106"
  orderId: "b6d0d323-38da-4603-95fc-ef1cc8c2e1f0"
  type: "Bill"
  sourceId: "b6d0d323-38da-4603-95fc-ef1cc8c2e1f0"
  contact: "880 806 () [53b8789a-4451-4a1f-84f7-a9c5da7ada1a]"
2023-06-29 * "880 806 () [53b8789a-4451-4a1f-84f7-a9c5da7ada1a]" "Bill Payment for Bill #1106 #d4ceb220-78a0-4973-8af0-bda3c8316b77"
  Liabilities:CurrentLiabilities:AccountPayable 3000.00 HKD
  contact: "880 806 () [53b8789a-4451-4a1f-84f7-a9c5da7ada1a]"
  type: "Bill Payment"
  sourceId: "d4ceb220-78a0-4973-8af0-bda3c8316b77"
  referenceNo: "1106"
  orderId: "b6d0d323-38da-4603-95fc-ef1cc8c2e1f0"
  Liabilities:CurrentLiabilities:CurrentAccount:C-a-MilrichElectronicsHkCoLtd -3000.00 HKD
  type: "Bill Payment"
  sourceId: "d4ceb220-78a0-4973-8af0-bda3c8316b77"
  referenceNo: "1106"
  orderId: "b6d0d323-38da-4603-95fc-ef1cc8c2e1f0"
2023-06-29 * "Invoice #148 "
  Income:Sales:SalesItem:Sell18kJewelry -1620.00 HKD
  category: "Jewelry"
  sku: "DDFFFFFF0700000000000003"
  qty: 1
  referenceNo: "148"
  orderId: "fe84f7f0-9777-40a6-a5aa-6d6c96dd9fdb"
  type: "Invoice Item"
  sourceId: "4cab0cd4-573f-4d13-9b66-a6081a6e1490"
  Income:Sales:SalesItem:Sell18kJewelry -4320.00 HKD
  category: "Jewelry"
  sku: "DDFFFFFF0200000000000008"
  qty: 1
  referenceNo: "148"
  orderId: "fe84f7f0-9777-40a6-a5aa-6d6c96dd9fdb"
  type: "Invoice Item"
  sourceId: "be18b3a8-1290-4dcb-ac6f-c6fa00c391ed"
  Assets:CurrentAssets:AccountReceivable
  referenceNo: "148"
  orderId: "fe84f7f0-9777-40a6-a5aa-6d6c96dd9fdb"
  type: "Invoice"
  sourceId: "fe84f7f0-9777-40a6-a5aa-6d6c96dd9fdb"
  contact: "86 18246528717 (MS.WONG) [a73dd446-6a3c-4649-89a4-29ab4644f109]"
2023-06-29 * "Assets:CurrentAssets:Bank:KpayBank" "Invoice Payment for Invoice #148 #99c8b9ea-173a-4bb7-a3c5-86fe9dc49bee"
  Assets:CurrentAssets:Bank:KpayBank 5940.00 HKD
  type: "Invoice Payment"
  sourceId: "99c8b9ea-173a-4bb7-a3c5-86fe9dc49bee"
  referenceNo: "148"
  orderId: "fe84f7f0-9777-40a6-a5aa-6d6c96dd9fdb"
  Assets:CurrentAssets:AccountReceivable -5940.00 HKD
  type: "Invoice Payment"
  sourceId: "99c8b9ea-173a-4bb7-a3c5-86fe9dc49bee"
  referenceNo: "148"
  orderId: "fe84f7f0-9777-40a6-a5aa-6d6c96dd9fdb"
  contact: "86 18246528717 (MS.WONG) [a73dd446-6a3c-4649-89a4-29ab4644f109]"
2023-06-29 * "Invoice #151 "
  Income:Sales:SalesItem:SellGoldJewelry -3449.00 HKD
  category: "Gold Jewelry"
  sku: "DDFF23051701000000000007"
  qty: 1
  referenceNo: "151"
  orderId: "8ccf1f30-7aa7-4283-8a92-9dd27db4b0ce"
  type: "Invoice Item"
  sourceId: "f276f9f7-35de-4215-9493-4ad04878a61f"
  Income:Sales:SalesItem:SellGoldJewelry -18671.00 HKD
  category: "Gold Jewelry"
  sku: "DDFF23051204000000000040"
  qty: 1
  referenceNo: "151"
  orderId: "8ccf1f30-7aa7-4283-8a92-9dd27db4b0ce"
  type: "Invoice Item"
  sourceId: "dda72fe4-efbf-4ebc-931b-0b4c599448eb"
  Income:Sales:SalesItem:SellGoldJewelry -5860.00 HKD
  category: "Gold Jewelry"
  sku: "DDFF2305120A000000000031"
  qty: 1
  referenceNo: "151"
  orderId: "8ccf1f30-7aa7-4283-8a92-9dd27db4b0ce"
  type: "Invoice Item"
  sourceId: "370cdf00-1643-40de-b923-572a09e40433"
  Assets:CurrentAssets:AccountReceivable
  referenceNo: "151"
  orderId: "8ccf1f30-7aa7-4283-8a92-9dd27db4b0ce"
  type: "Invoice"
  sourceId: "8ccf1f30-7aa7-4283-8a92-9dd27db4b0ce"
  contact: "998 12345708 (DavidKwan(Director)) [02ab8da0-959b-440e-9733-c02eab1b0288]"
2023-06-29 * "Assets:CurrentAssets:Cash:CashInHand" "Invoice Payment for Invoice #151 #a88399c3-e55e-4ffa-b32b-806b589d1488"
  Assets:CurrentAssets:Cash:CashInHand 27980.00 HKD
  type: "Invoice Payment"
  sourceId: "a88399c3-e55e-4ffa-b32b-806b589d1488"
  referenceNo: "151"
  orderId: "8ccf1f30-7aa7-4283-8a92-9dd27db4b0ce"
  Assets:CurrentAssets:AccountReceivable -27980.00 HKD
  type: "Invoice Payment"
  sourceId: "a88399c3-e55e-4ffa-b32b-806b589d1488"
  referenceNo: "151"
  orderId: "8ccf1f30-7aa7-4283-8a92-9dd27db4b0ce"
  contact: "998 12345708 (DavidKwan(Director)) [02ab8da0-959b-440e-9733-c02eab1b0288]"
2023-06-30 * "Invoice #179 INTEREST"
  Income:OtherIncome:Interest-bank -47.75 HKD
  description: "INTEREST"
  qty: 1
  referenceNo: "179"
  orderId: "f2a83b2e-eb17-4439-a7a6-080c95db5c47"
  type: "Invoice Item"
  sourceId: "272a0b51-ed06-4848-a128-b7ebdfa6b549"
  Assets:CurrentAssets:AccountReceivable
  referenceNo: "179"
  orderId: "f2a83b2e-eb17-4439-a7a6-080c95db5c47"
  type: "Invoice"
  sourceId: "f2a83b2e-eb17-4439-a7a6-080c95db5c47"
  contact: "998 12345835 (boc(bankofchina)) [82f385a7-d238-4826-9a12-e06648f93cdb]"
2023-06-30 * "Invoice #184 INTEREST"
  Income:OtherIncome:Interest-bank -0.72 USD
  description: "INTEREST"
  qty: 1
  referenceNo: "184"
  orderId: "8a98cb4d-4869-4dbd-aef5-d408de6f9713"
  type: "Invoice Item"
  sourceId: "169a940c-eedf-40b2-9ebf-95e1c249dcb9"
  Assets:CurrentAssets:AccountReceivable
  referenceNo: "184"
  orderId: "8a98cb4d-4869-4dbd-aef5-d408de6f9713"
  type: "Invoice"
  sourceId: "8a98cb4d-4869-4dbd-aef5-d408de6f9713"
  contact: "998 12345835 (boc(bankofchina)) [82f385a7-d238-4826-9a12-e06648f93cdb]"
2023-06-30 * "Bill #562 SALARY 23年6月 (新員工)"
  referenceNo: "562"
  orderId: "ab2d0605-89a8-43b1-b3ae-e6cb627c947c"
  type: "Bill"
  Expenses:GeneralExpense:WagesAndSalaries 3500.00 HKD
  qty: "1"
  description: "SALARY 23年6月 (新員工)"
  referenceNo: "562"
  orderId: "ab2d0605-89a8-43b1-b3ae-e6cb627c947c"
  type: "Bill Item"
  sourceId: "c8be68d2-66c0-4dcd-9863-e3fb1bf3c16e"
  Liabilities:CurrentLiabilities:AccountPayable
  referenceNo: "562"
  orderId: "ab2d0605-89a8-43b1-b3ae-e6cb627c947c"
  type: "Bill"
  sourceId: "ab2d0605-89a8-43b1-b3ae-e6cb627c947c"
  contact: "880 806 () [53b8789a-4451-4a1f-84f7-a9c5da7ada1a]"
2023-06-30 * "Bill #820 06/23 網頁設計費用 (Frontend - Justin)"
  referenceNo: "820"
  orderId: "28489899-fd6a-44c9-8ea7-b835d85b584d"
  type: "Bill"
  Expenses:GeneralExpense:WebErpDev 31400.00 HKD
  qty: "1"
  description: "06/23 網頁設計費用 (Frontend - Justin)"
  referenceNo: "820"
  orderId: "28489899-fd6a-44c9-8ea7-b835d85b584d"
  type: "Bill Item"
  sourceId: "f5770b8f-99e7-4458-b2a5-472c5a45c281"
  Liabilities:CurrentLiabilities:AccountPayable
  referenceNo: "820"
  orderId: "28489899-fd6a-44c9-8ea7-b835d85b584d"
  type: "Bill"
  sourceId: "28489899-fd6a-44c9-8ea7-b835d85b584d"
  contact: "880 806 () [53b8789a-4451-4a1f-84f7-a9c5da7ada1a]"
2023-06-30 * "Bill #678 BUY TV"
  referenceNo: "678"
  orderId: "391099c4-da6e-405a-816c-e46c925cf225"
  type: "Bill"
  Assets:Non-currentAssets:BuyEquipment 5251.93 HKD
  qty: "1"
  description: "TV (淘寶)"
  referenceNo: "678"
  orderId: "391099c4-da6e-405a-816c-e46c925cf225"
  type: "Bill Item"
  sourceId: "fe0801ed-4815-4135-b781-5469df33d233"
  Liabilities:CurrentLiabilities:AccountPayable
  referenceNo: "678"
  orderId: "391099c4-da6e-405a-816c-e46c925cf225"
  type: "Bill"
  sourceId: "391099c4-da6e-405a-816c-e46c925cf225"
  contact: "880 806 () [53b8789a-4451-4a1f-84f7-a9c5da7ada1a]"
2023-06-30 * "Bill #561 SALARY 23年6月"
  referenceNo: "561"
  orderId: "95b41b21-0d21-4e00-9214-ff67d84986cc"
  type: "Bill"
  Expenses:GeneralExpense:WagesAndSalaries 20000.00 HKD
  qty: "1"
  description: "CASH BONUS 23年6月"
  referenceNo: "561"
  orderId: "95b41b21-0d21-4e00-9214-ff67d84986cc"
  type: "Bill Item"
  sourceId: "2877cc20-0cce-42b0-a986-35112a857b32"
  Expenses:GeneralExpense:WagesAndSalaries 52333.00 HKD
  qty: "1"
  description: "SALARY 23年6月"
  referenceNo: "561"
  orderId: "95b41b21-0d21-4e00-9214-ff67d84986cc"
  type: "Bill Item"
  sourceId: "e0d5c498-96a8-4e2c-9c47-7185274b618e"
  Liabilities:CurrentLiabilities:AccountPayable
  referenceNo: "561"
  orderId: "95b41b21-0d21-4e00-9214-ff67d84986cc"
  type: "Bill"
  sourceId: "95b41b21-0d21-4e00-9214-ff67d84986cc"
  contact: "880 806 () [53b8789a-4451-4a1f-84f7-a9c5da7ada1a]"
2023-06-30 * "Bill #839 23年6月 雜費"
  referenceNo: "839"
  orderId: "f9a709ae-97d9-45c6-b3df-c179704ab18b"
  type: "Bill"
  Expenses:GeneralExpense:OfficeExpenses 369.00 HKD
  qty: "1"
  description: "HKTVMALL - 飲品"
  referenceNo: "839"
  orderId: "f9a709ae-97d9-45c6-b3df-c179704ab18b"
  type: "Bill Item"
  sourceId: "1b27da1e-8ffe-4c84-8151-56ee7a8a8d79"
  Expenses:GeneralExpense:OfficeExpenses 1039.00 HKD
  qty: "1"
  description: "G17 滅火工具"
  referenceNo: "839"
  orderId: "f9a709ae-97d9-45c6-b3df-c179704ab18b"
  type: "Bill Item"
  sourceId: "e346bbbe-670a-4985-8d3e-c5e8df971e5a"
  Expenses:GeneralExpense:OfficeExpenses 3060.00 HKD
  qty: "1"
  description: "G17 開幕用白酒七枝"
  referenceNo: "839"
  orderId: "f9a709ae-97d9-45c6-b3df-c179704ab18b"
  type: "Bill Item"
  sourceId: "f8c3e397-ef62-4d0e-92a7-7f8e94741e0c"
  Expenses:GeneralExpense:GeneralExpensesDirect 2792.00 HKD
  qty: "1"
  description: "G17 開支"
  referenceNo: "839"
  orderId: "f9a709ae-97d9-45c6-b3df-c179704ab18b"
  type: "Bill Item"
  sourceId: "9edd8805-12bc-4096-9088-67dfe5f370e3"
  Expenses:GeneralExpense:GeneralExpensesDirect 69.00 HKD
  qty: "1"
  description: "G17 清潔用品"
  referenceNo: "839"
  orderId: "f9a709ae-97d9-45c6-b3df-c179704ab18b"
  type: "Bill Item"
  sourceId: "60ee3640-8276-4d14-bd44-64f3384b78ab"
  Liabilities:CurrentLiabilities:AccountPayable
  referenceNo: "839"
  orderId: "f9a709ae-97d9-45c6-b3df-c179704ab18b"
  type: "Bill"
  sourceId: "f9a709ae-97d9-45c6-b3df-c179704ab18b"
  contact: "880 806 () [53b8789a-4451-4a1f-84f7-a9c5da7ada1a]"
2023-06-30 * "Assets:CurrentAssets:Bank:BocSavingBank" "Invoice Payment for Invoice #179 #0986f32f-978f-427a-967f-3df341dbc0f6"
  Assets:CurrentAssets:Bank:BocSavingBank 47.75 HKD
  type: "Invoice Payment"
  sourceId: "0986f32f-978f-427a-967f-3df341dbc0f6"
  referenceNo: "179"
  orderId: "f2a83b2e-eb17-4439-a7a6-080c95db5c47"
  Assets:CurrentAssets:AccountReceivable -47.75 HKD
  type: "Invoice Payment"
  sourceId: "0986f32f-978f-427a-967f-3df341dbc0f6"
  referenceNo: "179"
  orderId: "f2a83b2e-eb17-4439-a7a6-080c95db5c47"
  contact: "998 12345835 (boc(bankofchina)) [82f385a7-d238-4826-9a12-e06648f93cdb]"
2023-06-30 * "Assets:CurrentAssets:Bank:BocForeignBank" "Invoice Payment for Invoice #184 #f9d03c5a-1da1-438b-aa65-508259247531"
  Assets:CurrentAssets:Bank:BocForeignBank 0.72 USD
  type: "Invoice Payment"
  sourceId: "f9d03c5a-1da1-438b-aa65-508259247531"
  referenceNo: "184"
  orderId: "8a98cb4d-4869-4dbd-aef5-d408de6f9713"
  Assets:CurrentAssets:AccountReceivable -0.72 USD
  type: "Invoice Payment"
  sourceId: "f9d03c5a-1da1-438b-aa65-508259247531"
  referenceNo: "184"
  orderId: "8a98cb4d-4869-4dbd-aef5-d408de6f9713"
  contact: "998 12345835 (boc(bankofchina)) [82f385a7-d238-4826-9a12-e06648f93cdb]"
2023-06-30 * "880 806 () [53b8789a-4451-4a1f-84f7-a9c5da7ada1a]" "Bill Payment for Bill #839 #8c3d83d5-7728-4ba5-b818-871adbe8bb33"
  Liabilities:CurrentLiabilities:AccountPayable 7329.00 HKD
  contact: "880 806 () [53b8789a-4451-4a1f-84f7-a9c5da7ada1a]"
  type: "Bill Payment"
  sourceId: "8c3d83d5-7728-4ba5-b818-871adbe8bb33"
  referenceNo: "839"
  orderId: "f9a709ae-97d9-45c6-b3df-c179704ab18b"
  Liabilities:CurrentLiabilities:CurrentAccount:C-a-MilrichElectronicsHkCoLtd -7329.00 HKD
  type: "Bill Payment"
  sourceId: "8c3d83d5-7728-4ba5-b818-871adbe8bb33"
  referenceNo: "839"
  orderId: "f9a709ae-97d9-45c6-b3df-c179704ab18b"
2023-06-30 * "880 806 () [53b8789a-4451-4a1f-84f7-a9c5da7ada1a]" "Bill Payment for Bill #561 #b1b01fa0-5be6-4dc8-b63d-e5cde3727b56"
  Liabilities:CurrentLiabilities:AccountPayable 20000.00 HKD
  contact: "880 806 () [53b8789a-4451-4a1f-84f7-a9c5da7ada1a]"
  type: "Bill Payment"
  sourceId: "b1b01fa0-5be6-4dc8-b63d-e5cde3727b56"
  referenceNo: "561"
  orderId: "95b41b21-0d21-4e00-9214-ff67d84986cc"
  Liabilities:CurrentLiabilities:CurrentAccount:C-a-MilrichElectronicsHkCoLtd -20000.00 HKD
  type: "Bill Payment"
  sourceId: "b1b01fa0-5be6-4dc8-b63d-e5cde3727b56"
  referenceNo: "561"
  orderId: "95b41b21-0d21-4e00-9214-ff67d84986cc"
2023-06-30 * "880 806 () [53b8789a-4451-4a1f-84f7-a9c5da7ada1a]" "Bill Payment for Bill #561 #1dd7ba84-74f9-4b8c-86c8-fa249576baa3"
  Liabilities:CurrentLiabilities:AccountPayable 52333.00 HKD
  contact: "880 806 () [53b8789a-4451-4a1f-84f7-a9c5da7ada1a]"
  type: "Bill Payment"
  sourceId: "1dd7ba84-74f9-4b8c-86c8-fa249576baa3"
  referenceNo: "561"
  orderId: "95b41b21-0d21-4e00-9214-ff67d84986cc"
  Assets:CurrentAssets:Bank:BocSavingBank -52333.00 HKD
  type: "Bill Payment"
  sourceId: "1dd7ba84-74f9-4b8c-86c8-fa249576baa3"
  referenceNo: "561"
  orderId: "95b41b21-0d21-4e00-9214-ff67d84986cc"
2023-06-30 * "880 806 () [53b8789a-4451-4a1f-84f7-a9c5da7ada1a]" "Bill Payment for Bill #562 #97fa1538-ca71-4f37-ba11-aac3dab0bba0"
  Liabilities:CurrentLiabilities:AccountPayable 3500.00 HKD
  contact: "880 806 () [53b8789a-4451-4a1f-84f7-a9c5da7ada1a]"
  type: "Bill Payment"
  sourceId: "97fa1538-ca71-4f37-ba11-aac3dab0bba0"
  referenceNo: "562"
  orderId: "ab2d0605-89a8-43b1-b3ae-e6cb627c947c"
  Assets:CurrentAssets:Bank:BocSavingBank -3500.00 HKD
  type: "Bill Payment"
  sourceId: "97fa1538-ca71-4f37-ba11-aac3dab0bba0"
  referenceNo: "562"
  orderId: "ab2d0605-89a8-43b1-b3ae-e6cb627c947c"
2023-06-30 * "880 806 () [53b8789a-4451-4a1f-84f7-a9c5da7ada1a]" "Bill Payment for Bill #678 #08fd6b7e-d2d1-43be-93fa-3444fe1c0cfa"
  Liabilities:CurrentLiabilities:AccountPayable 5251.93 HKD
  contact: "880 806 () [53b8789a-4451-4a1f-84f7-a9c5da7ada1a]"
  type: "Bill Payment"
  sourceId: "08fd6b7e-d2d1-43be-93fa-3444fe1c0cfa"
  referenceNo: "678"
  orderId: "391099c4-da6e-405a-816c-e46c925cf225"
  Assets:CurrentAssets:Bank:BocVisaCard-DavidBank -5251.93 HKD
  type: "Bill Payment"
  sourceId: "08fd6b7e-d2d1-43be-93fa-3444fe1c0cfa"
  referenceNo: "678"
  orderId: "391099c4-da6e-405a-816c-e46c925cf225"