; ORDER transactions for 2023-07

2023-07-01 * "Bill #571 待發票 INV#289 PURCHASE MEMO-NO.32410"
  referenceNo: "571"
  orderId: "cb76388d-ae7c-4c40-ad30-ab8454a4b67b"
  type: "Bill"
  Expenses:CostOfSales:Purchase:PurchaseItem:Buy18kJewelry 29500.00 HKD
  category: "Jewelry"
  sku: "DKK011"
  qty: 1
  referenceNo: "571"
  orderId: "cb76388d-ae7c-4c40-ad30-ab8454a4b67b"
  type: "Bill Item"
  sourceId: "13ee07d5-7b18-4239-9dfc-f7853f2411c0"
  Liabilities:CurrentLiabilities:AccountPayable
  referenceNo: "571"
  orderId: "cb76388d-ae7c-4c40-ad30-ab8454a4b67b"
  type: "Bill"
  sourceId: "cb76388d-ae7c-4c40-ad30-ab8454a4b67b"
  contact: "998 12345737 (NJDIAMONDS) [0ad3062f-b5c1-46e8-bf1d-be80eb1c7089]"
2023-07-01 * "880 806 () [53b8789a-4451-4a1f-84f7-a9c5da7ada1a]" "Bill Payment for Bill #820 #c10a837d-7728-44c5-a5bf-450f1b288960"
  Liabilities:CurrentLiabilities:AccountPayable 31400.00 HKD
  contact: "880 806 () [53b8789a-4451-4a1f-84f7-a9c5da7ada1a]"
  type: "Bill Payment"
  sourceId: "c10a837d-7728-44c5-a5bf-450f1b288960"
  referenceNo: "820"
  orderId: "28489899-fd6a-44c9-8ea7-b835d85b584d"
  Liabilities:CurrentLiabilities:CurrentAccount:C-a-MilrichElectronicsHkCoLtd -31400.00 HKD
  type: "Bill Payment"
  sourceId: "c10a837d-7728-44c5-a5bf-450f1b288960"
  referenceNo: "820"
  orderId: "28489899-fd6a-44c9-8ea7-b835d85b584d"
2023-07-01 * "Invoice #162 "
  Income:Sales:SalesItem:SellGoldJewelry -2018.00 HKD
  category: "Gold Jewelry"
  sku: "DDFF23051705000000000008"
  qty: 1
  referenceNo: "162"
  orderId: "c9963fbc-3ff7-44af-8782-6df03ec372f6"
  type: "Invoice Item"
  sourceId: "d06584b9-6edf-4774-95f1-a6889aca50fc"
  Income:Sales:SalesItem:SellGoldJewelry -2354.00 HKD
  category: "Gold Jewelry"
  sku: "DDFF23051705000000000007"
  qty: 1
  referenceNo: "162"
  orderId: "c9963fbc-3ff7-44af-8782-6df03ec372f6"
  type: "Invoice Item"
  sourceId: "9f76ee7e-47ae-46fd-8409-3f7467f65803"
  Income:Sales:SalesItem:SellGoldJewelry -7485.00 HKD
  category: "Gold Jewelry"
  sku: "DDFF23051705000000000011"
  qty: 1
  referenceNo: "162"
  orderId: "c9963fbc-3ff7-44af-8782-6df03ec372f6"
  type: "Invoice Item"
  sourceId: "3522cf10-b87d-47ff-8ec6-12c9a4451acb"
  Assets:CurrentAssets:AccountReceivable
  referenceNo: "162"
  orderId: "c9963fbc-3ff7-44af-8782-6df03ec372f6"
  type: "Invoice"
  sourceId: "c9963fbc-3ff7-44af-8782-6df03ec372f6"
  contact: "998 12345708 (DavidKwan(Director)) [02ab8da0-959b-440e-9733-c02eab1b0288]"
2023-07-01 * "Assets:CurrentAssets:Bank:KpayBank" "Invoice Payment for Invoice #162 #7a29fb32-b28a-4ac2-b1fe-6f8780d11cd7"
  Assets:CurrentAssets:Bank:KpayBank 11857.00 HKD
  type: "Invoice Payment"
  sourceId: "7a29fb32-b28a-4ac2-b1fe-6f8780d11cd7"
  referenceNo: "162"
  orderId: "c9963fbc-3ff7-44af-8782-6df03ec372f6"
  Assets:CurrentAssets:AccountReceivable -11857.00 HKD
  type: "Invoice Payment"
  sourceId: "7a29fb32-b28a-4ac2-b1fe-6f8780d11cd7"
  referenceNo: "162"
  orderId: "c9963fbc-3ff7-44af-8782-6df03ec372f6"
  contact: "998 12345708 (DavidKwan(Director)) [02ab8da0-959b-440e-9733-c02eab1b0288]"
2023-07-01 * "Invoice #155 "
  Income:Sales:SalesItem:SellGoldJewelry -1818.00 HKD
  category: "Gold Jewelry"
  sku: "DDFF23051705000000000015"
  qty: 1
  referenceNo: "155"
  orderId: "9b7d72dd-7612-4c3d-9e93-3c14f82b6233"
  type: "Invoice Item"
  sourceId: "96dbecb9-4211-4a2d-ad13-f7174b730348"
  Assets:CurrentAssets:AccountReceivable
  referenceNo: "155"
  orderId: "9b7d72dd-7612-4c3d-9e93-3c14f82b6233"
  type: "Invoice"
  sourceId: "9b7d72dd-7612-4c3d-9e93-3c14f82b6233"
  contact: "+85268858968 ((9CAT)MS.LAMWENDY) [84b3f035-c58a-4344-942b-73dc26f38f1c]"
2023-07-01 * "Invoice #143 MR. CHEUNG"
  Income:Sales:SalesItem:SellGoldJewelry -2325.00 HKD
  category: "Gold Jewelry"
  sku: "DDFF23051207000000000001"
  qty: 1
  referenceNo: "143"
  orderId: "d5f30393-5ba7-477b-b2b9-8270a2722e5a"
  type: "Invoice Item"
  sourceId: "f5741790-9259-48ad-885d-eb086264f3e0"
  Assets:CurrentAssets:AccountReceivable
  referenceNo: "143"
  orderId: "d5f30393-5ba7-477b-b2b9-8270a2722e5a"
  type: "Invoice"
  sourceId: "d5f30393-5ba7-477b-b2b9-8270a2722e5a"
  contact: "880 802 (Walkin) [42348712-7daa-4c29-93b7-756b472429a4]"
2023-07-01 * "Assets:CurrentAssets:Bank:KpayBank" "Invoice Payment for Invoice #143 #56ef1e8c-b0f8-46bc-913a-344af2b325a8"
  Assets:CurrentAssets:Bank:KpayBank 2325.00 HKD
  type: "Invoice Payment"
  sourceId: "56ef1e8c-b0f8-46bc-913a-344af2b325a8"
  referenceNo: "143"
  orderId: "d5f30393-5ba7-477b-b2b9-8270a2722e5a"
  Assets:CurrentAssets:AccountReceivable -2325.00 HKD
  type: "Invoice Payment"
  sourceId: "56ef1e8c-b0f8-46bc-913a-344af2b325a8"
  referenceNo: "143"
  orderId: "d5f30393-5ba7-477b-b2b9-8270a2722e5a"
  contact: "880 802 (Walkin) [42348712-7daa-4c29-93b7-756b472429a4]"
2023-07-01 * "Assets:CurrentAssets:Bank:KpayBank" "Invoice Payment for Invoice #155 #45b1ebab-aece-4a20-bf6a-7ee25eef5ab5"
  Assets:CurrentAssets:Bank:KpayBank 1818.00 HKD
  type: "Invoice Payment"
  sourceId: "45b1ebab-aece-4a20-bf6a-7ee25eef5ab5"
  referenceNo: "155"
  orderId: "9b7d72dd-7612-4c3d-9e93-3c14f82b6233"
  Assets:CurrentAssets:AccountReceivable -1818.00 HKD
  type: "Invoice Payment"
  sourceId: "45b1ebab-aece-4a20-bf6a-7ee25eef5ab5"
  referenceNo: "155"
  orderId: "9b7d72dd-7612-4c3d-9e93-3c14f82b6233"
  contact: "+85268858968 ((9CAT)MS.LAMWENDY) [84b3f035-c58a-4344-942b-73dc26f38f1c]"
2023-07-01 * "Invoice #165 "
  Income:Sales:SalesItem:Sell18kJewelry -6120.00 HKD
  category: "Jewelry"
  sku: "DDFFFFFF0600000000000013"
  qty: 1
  referenceNo: "165"
  orderId: "e7877660-bdfb-42d9-a248-d1d70578a431"
  type: "Invoice Item"
  sourceId: "f4aa0962-b2cb-4113-b15c-d519ac1311f6"
  Income:Sales:SalesItem:Sell18kJewelry -5310.00 HKD
  category: "Jewelry"
  sku: "DDFFFFFF0500000000000002"
  qty: 1
  referenceNo: "165"
  orderId: "e7877660-bdfb-42d9-a248-d1d70578a431"
  type: "Invoice Item"
  sourceId: "b9d8c11d-e967-40f9-ac02-c1658fb0383b"
  Assets:CurrentAssets:AccountReceivable
  referenceNo: "165"
  orderId: "e7877660-bdfb-42d9-a248-d1d70578a431"
  type: "Invoice"
  sourceId: "e7877660-bdfb-42d9-a248-d1d70578a431"
  contact: "852 64615749 (KOK) [33b2ddfc-1e3f-425d-b48f-07bfa93d0c04]"
2023-07-01 * "Assets:CurrentAssets:Bank:KpayBank" "Invoice Payment for Invoice #165 #22a32b7f-215f-4dbd-bb37-97c104f3cfaa"
  Assets:CurrentAssets:Bank:KpayBank 11430.00 HKD
  type: "Invoice Payment"
  sourceId: "22a32b7f-215f-4dbd-bb37-97c104f3cfaa"
  referenceNo: "165"
  orderId: "e7877660-bdfb-42d9-a248-d1d70578a431"
  Assets:CurrentAssets:AccountReceivable -11430.00 HKD
  type: "Invoice Payment"
  sourceId: "22a32b7f-215f-4dbd-bb37-97c104f3cfaa"
  referenceNo: "165"
  orderId: "e7877660-bdfb-42d9-a248-d1d70578a431"
  contact: "852 64615749 (KOK) [33b2ddfc-1e3f-425d-b48f-07bfa93d0c04]"
2023-07-01 * "Invoice #170 "
  Income:Sales:SalesItem:SellGoldJewelry -1870.00 HKD
  category: "Gold Jewelry"
  sku: "DDFF23051705000000000010"
  qty: 1
  referenceNo: "170"
  orderId: "163f7ab4-cfa4-488e-97a1-acc7565e0cfa"
  type: "Invoice Item"
  sourceId: "6a4370b5-bed8-4efe-ad83-d81f5a47cb33"
  Income:Sales:SalesItem:SellGoldJewelry -13960.00 HKD
  category: "Gold Jewelry"
  sku: "DDFF23051203000000000002"
  qty: 1
  referenceNo: "170"
  orderId: "163f7ab4-cfa4-488e-97a1-acc7565e0cfa"
  type: "Invoice Item"
  sourceId: "16d7ffa8-56df-4a36-85df-a5dcf03e0604"
  Income:Sales:SalesItem:SellGoldJewelry -7159.00 HKD
  category: "Gold Jewelry"
  sku: "DDFF23051204000000000039"
  qty: 1
  referenceNo: "170"
  orderId: "163f7ab4-cfa4-488e-97a1-acc7565e0cfa"
  type: "Invoice Item"
  sourceId: "a29174ec-1cf4-408f-bfa9-e1bfcac219d6"
  Assets:CurrentAssets:AccountReceivable
  referenceNo: "170"
  orderId: "163f7ab4-cfa4-488e-97a1-acc7565e0cfa"
  type: "Invoice"
  sourceId: "163f7ab4-cfa4-488e-97a1-acc7565e0cfa"
  contact: "86 18600598747 (MS.WONG) [65812ede-877d-4187-935b-ad59a4beb997]"
2023-07-01 * "Assets:CurrentAssets:Bank:KpayBank" "Invoice Payment for Invoice #170 #501be7ad-f07b-4c5b-87ef-28d1a26e781c"
  Assets:CurrentAssets:Bank:KpayBank 22989.00 HKD
  type: "Invoice Payment"
  sourceId: "501be7ad-f07b-4c5b-87ef-28d1a26e781c"
  referenceNo: "170"
  orderId: "163f7ab4-cfa4-488e-97a1-acc7565e0cfa"
  Assets:CurrentAssets:AccountReceivable -22989.00 HKD
  type: "Invoice Payment"
  sourceId: "501be7ad-f07b-4c5b-87ef-28d1a26e781c"
  referenceNo: "170"
  orderId: "163f7ab4-cfa4-488e-97a1-acc7565e0cfa"
  contact: "86 18600598747 (MS.WONG) [65812ede-877d-4187-935b-ad59a4beb997]"
2023-07-01 * "Invoice #176 MS. ON"
  Income:Sales:SalesItem:SellGoldJewelry -11112.00 HKD
  category: "Gold Jewelry"
  sku: "DDFF23051703000000000028"
  qty: 1
  referenceNo: "176"
  orderId: "450b3188-05a2-4125-8302-6dca2ae5def4"
  type: "Invoice Item"
  sourceId: "e603edcd-03a6-4df7-b776-c8e1d23ff07b"
  Assets:CurrentAssets:AccountReceivable
  referenceNo: "176"
  orderId: "450b3188-05a2-4125-8302-6dca2ae5def4"
  type: "Invoice"
  sourceId: "450b3188-05a2-4125-8302-6dca2ae5def4"
  contact: "998 12345708 (DavidKwan(Director)) [02ab8da0-959b-440e-9733-c02eab1b0288]"
2023-07-01 * "Invoice #177 "
  Income:Sales:SalesItem:Sell18kJewelry -10080.00 HKD
  category: "Jewelry"
  sku: "DDFFFFFF0500000000000033"
  qty: 1
  referenceNo: "177"
  orderId: "6087df39-9446-455e-a281-bfc13a12e490"
  type: "Invoice Item"
  sourceId: "2c064a97-01da-42b0-98d6-0825a9193ee0"
  Assets:CurrentAssets:AccountReceivable
  referenceNo: "177"
  orderId: "6087df39-9446-455e-a281-bfc13a12e490"
  type: "Invoice"
  sourceId: "6087df39-9446-455e-a281-bfc13a12e490"
  contact: "880 802 (Walkin) [42348712-7daa-4c29-93b7-756b472429a4]"
2023-07-01 * "Assets:CurrentAssets:Bank:KpayBank" "Invoice Payment for Invoice #176 #e7e44acb-6d33-4818-8e73-2d5f24aaaf60"
  Assets:CurrentAssets:Bank:KpayBank 11112.00 HKD
  type: "Invoice Payment"
  sourceId: "e7e44acb-6d33-4818-8e73-2d5f24aaaf60"
  referenceNo: "176"
  orderId: "450b3188-05a2-4125-8302-6dca2ae5def4"
  Assets:CurrentAssets:AccountReceivable -11112.00 HKD
  type: "Invoice Payment"
  sourceId: "e7e44acb-6d33-4818-8e73-2d5f24aaaf60"
  referenceNo: "176"
  orderId: "450b3188-05a2-4125-8302-6dca2ae5def4"
  contact: "998 12345708 (DavidKwan(Director)) [02ab8da0-959b-440e-9733-c02eab1b0288]"
2023-07-01 * "Assets:CurrentAssets:Bank:KpayBank" "Invoice Payment for Invoice #177 #c77a523e-4f38-4dfb-a267-e2de5b6232d2"
  Assets:CurrentAssets:Bank:KpayBank 10080.00 HKD
  type: "Invoice Payment"
  sourceId: "c77a523e-4f38-4dfb-a267-e2de5b6232d2"
  referenceNo: "177"
  orderId: "6087df39-9446-455e-a281-bfc13a12e490"
  Assets:CurrentAssets:AccountReceivable -10080.00 HKD
  type: "Invoice Payment"
  sourceId: "c77a523e-4f38-4dfb-a267-e2de5b6232d2"
  referenceNo: "177"
  orderId: "6087df39-9446-455e-a281-bfc13a12e490"
  contact: "880 802 (Walkin) [42348712-7daa-4c29-93b7-756b472429a4]"
2023-07-01 * "Invoice #134 MS. SIU (ELMA)"
  Income:Sales:SalesItem:Sell18kJewelry -61200.00 HKD
  category: "Jewelry"
  sku: "DKK011"
  qty: 1
  referenceNo: "134"
  orderId: "8d803025-76c2-4e22-bfe3-c7bb09b50597"
  type: "Invoice Item"
  sourceId: "a218d7a9-3afb-48e0-82df-d2150acc24e4"
  Assets:CurrentAssets:AccountReceivable
  referenceNo: "134"
  orderId: "8d803025-76c2-4e22-bfe3-c7bb09b50597"
  type: "Invoice"
  sourceId: "8d803025-76c2-4e22-bfe3-c7bb09b50597"
  contact: "998 12345751 (SALES#0003ELMA) [28639a2d-ee79-48b0-96d2-4f5df20780ae]"
2023-07-01 * "Assets:CurrentAssets:Bank:KpayBank" "Invoice Payment for Invoice #134 #cdc1481a-c571-432e-bf0e-5b9f930a760d"
  Assets:CurrentAssets:Bank:KpayBank 61200.00 HKD
  type: "Invoice Payment"
  sourceId: "cdc1481a-c571-432e-bf0e-5b9f930a760d"
  referenceNo: "134"
  orderId: "8d803025-76c2-4e22-bfe3-c7bb09b50597"
  Assets:CurrentAssets:AccountReceivable -61200.00 HKD
  type: "Invoice Payment"
  sourceId: "cdc1481a-c571-432e-bf0e-5b9f930a760d"
  referenceNo: "134"
  orderId: "8d803025-76c2-4e22-bfe3-c7bb09b50597"
  contact: "998 12345751 (SALES#0003ELMA) [28639a2d-ee79-48b0-96d2-4f5df20780ae]"
2023-07-01 * "Invoice #139 "
  Income:Sales:SalesItem:SellGoldJewelry -3430.00 HKD
  category: "Gold Jewelry"
  sku: "DDFF23051704000000000028"
  qty: 1
  referenceNo: "139"
  orderId: "a366b98a-3e90-4e7e-96a5-c48111383c87"
  type: "Invoice Item"
  sourceId: "37d83ccd-3b4a-41de-933d-4f92fd5c76ed"
  Assets:CurrentAssets:AccountReceivable
  referenceNo: "139"
  orderId: "a366b98a-3e90-4e7e-96a5-c48111383c87"
  type: "Invoice"
  sourceId: "a366b98a-3e90-4e7e-96a5-c48111383c87"
  contact: "852 54469802 (MS.WONG) [b1c5834b-032e-4b02-ae2f-2bbbad3fcb40]"
2023-07-01 * "Assets:CurrentAssets:Bank:KpayBank" "Invoice Payment for Invoice #139 #20710226-302e-4139-a08a-4c918268d3ad"
  Assets:CurrentAssets:Bank:KpayBank 3430.00 HKD
  type: "Invoice Payment"
  sourceId: "20710226-302e-4139-a08a-4c918268d3ad"
  referenceNo: "139"
  orderId: "a366b98a-3e90-4e7e-96a5-c48111383c87"
  Assets:CurrentAssets:AccountReceivable -3430.00 HKD
  type: "Invoice Payment"
  sourceId: "20710226-302e-4139-a08a-4c918268d3ad"
  referenceNo: "139"
  orderId: "a366b98a-3e90-4e7e-96a5-c48111383c87"
  contact: "852 54469802 (MS.WONG) [b1c5834b-032e-4b02-ae2f-2bbbad3fcb40]"
2023-07-02 * "Bill #679 GENERAL EXP"
  referenceNo: "679"
  orderId: "05ac9416-c4f5-4ab7-b2d4-210db4d2fa16"
  type: "Bill"
  Expenses:GeneralExpense:GeneralExpensesDirect 57.14 HKD
  qty: "1"
  description: "淘寶集運"
  referenceNo: "679"
  orderId: "05ac9416-c4f5-4ab7-b2d4-210db4d2fa16"
  type: "Bill Item"
  sourceId: "58735932-2769-43c5-9ab1-4c35920d79f6"
  Expenses:GeneralExpense:GeneralExpensesDirect 410.92 HKD
  qty: "1"
  description: "淘寶集運"
  referenceNo: "679"
  orderId: "05ac9416-c4f5-4ab7-b2d4-210db4d2fa16"
  type: "Bill Item"
  sourceId: "e8a46b1c-3edd-4ba0-accb-f53f38bb7949"
  Expenses:GeneralExpense:GeneralExpensesDirect 82.41 HKD
  qty: "1"
  description: "对讲机耳机线"
  referenceNo: "679"
  orderId: "05ac9416-c4f5-4ab7-b2d4-210db4d2fa16"
  type: "Bill Item"
  sourceId: "ead73df2-7575-4215-95b7-fc838d808bb3"
  Liabilities:CurrentLiabilities:AccountPayable
  referenceNo: "679"
  orderId: "05ac9416-c4f5-4ab7-b2d4-210db4d2fa16"
  type: "Bill"
  sourceId: "05ac9416-c4f5-4ab7-b2d4-210db4d2fa16"
  contact: "880 806 () [53b8789a-4451-4a1f-84f7-a9c5da7ada1a]"
2023-07-02 * "880 806 () [53b8789a-4451-4a1f-84f7-a9c5da7ada1a]" "Bill Payment for Bill #679 #66d43897-f6d3-4f03-8432-29082e162950"
  Liabilities:CurrentLiabilities:AccountPayable 550.47 HKD
  contact: "880 806 () [53b8789a-4451-4a1f-84f7-a9c5da7ada1a]"
  type: "Bill Payment"
  sourceId: "66d43897-f6d3-4f03-8432-29082e162950"
  referenceNo: "679"
  orderId: "05ac9416-c4f5-4ab7-b2d4-210db4d2fa16"
  Assets:CurrentAssets:Bank:BocVisaCard-DavidBank -550.47 HKD
  type: "Bill Payment"
  sourceId: "66d43897-f6d3-4f03-8432-29082e162950"
  referenceNo: "679"
  orderId: "05ac9416-c4f5-4ab7-b2d4-210db4d2fa16"
2023-07-03 * "Bill #563 Bank Fee"
  referenceNo: "563"
  orderId: "bec94f85-e9b8-4de4-92fe-b07e3dc8a0b9"
  type: "Bill"
  Expenses:GeneralExpense:BankFeesExpense 25.00 HKD
  qty: "1"
  description: "Bank Fee"
  referenceNo: "563"
  orderId: "bec94f85-e9b8-4de4-92fe-b07e3dc8a0b9"
  type: "Bill Item"
  sourceId: "391862ae-b1ca-4529-830e-6014dcbd4aab"
  Liabilities:CurrentLiabilities:AccountPayable
  referenceNo: "563"
  orderId: "bec94f85-e9b8-4de4-92fe-b07e3dc8a0b9"
  type: "Bill"
  sourceId: "bec94f85-e9b8-4de4-92fe-b07e3dc8a0b9"
  contact: "880 806 () [53b8789a-4451-4a1f-84f7-a9c5da7ada1a]"
2023-07-03 * "Bill #680 GENERAL EXP"
  referenceNo: "680"
  orderId: "5283632e-8651-43cd-918e-9167b3878548"
  type: "Bill"
  Expenses:GeneralExpense:GeneralExpensesDirect 21.92 HKD
  qty: "1"
  description: "手机夹子"
  referenceNo: "680"
  orderId: "5283632e-8651-43cd-918e-9167b3878548"
  type: "Bill Item"
  sourceId: "16651cd3-012f-4707-b5a3-8eaebaa28e27"
  Expenses:GeneralExpense:GeneralExpensesDirect 12.54 HKD
  qty: "1"
  description: "相机三脚架螺丝保护盖"
  referenceNo: "680"
  orderId: "5283632e-8651-43cd-918e-9167b3878548"
  type: "Bill Item"
  sourceId: "4dc1604a-b3ec-4999-9485-574341a2623d"
  Expenses:GeneralExpense:GeneralExpensesDirect 483.98 HKD
  qty: "1"
  description: "新款耳环展示"
  referenceNo: "680"
  orderId: "5283632e-8651-43cd-918e-9167b3878548"
  type: "Bill Item"
  sourceId: "0bcd3793-85f0-4268-a889-bd99103f5b58"
  Expenses:GeneralExpense:GeneralExpensesDirect 6.56 HKD
  qty: "1"
  description: "碳钢一字手拧螺丝"
  referenceNo: "680"
  orderId: "5283632e-8651-43cd-918e-9167b3878548"
  type: "Bill Item"
  sourceId: "02868fd4-2a97-4aa7-aa45-d08bb0a47cc6"
  Liabilities:CurrentLiabilities:AccountPayable
  referenceNo: "680"
  orderId: "5283632e-8651-43cd-918e-9167b3878548"
  type: "Bill"
  sourceId: "5283632e-8651-43cd-918e-9167b3878548"
  contact: "880 806 () [53b8789a-4451-4a1f-84f7-a9c5da7ada1a]"
2023-07-03 * "880 806 () [53b8789a-4451-4a1f-84f7-a9c5da7ada1a]" "Bill Payment for Bill #563 #55c0daa9-9f9e-4de6-aee4-e6aa01718bfb"
  Liabilities:CurrentLiabilities:AccountPayable 25.00 HKD
  contact: "880 806 () [53b8789a-4451-4a1f-84f7-a9c5da7ada1a]"
  type: "Bill Payment"
  sourceId: "55c0daa9-9f9e-4de6-aee4-e6aa01718bfb"
  referenceNo: "563"
  orderId: "bec94f85-e9b8-4de4-92fe-b07e3dc8a0b9"
  Assets:CurrentAssets:Bank:BocSavingBank -25.00 HKD
  type: "Bill Payment"
  sourceId: "55c0daa9-9f9e-4de6-aee4-e6aa01718bfb"
  referenceNo: "563"
  orderId: "bec94f85-e9b8-4de4-92fe-b07e3dc8a0b9"
2023-07-03 * "998 12345737 (NJDIAMONDS) [0ad3062f-b5c1-46e8-bf1d-be80eb1c7089]" "Bill Payment for Bill #571 #f9b4ffce-a9e3-4707-9f7a-b45e07526a8a"
  Liabilities:CurrentLiabilities:AccountPayable 29500.00 HKD
  contact: "998 12345737 (NJDIAMONDS) [0ad3062f-b5c1-46e8-bf1d-be80eb1c7089]"
  type: "Bill Payment"
  sourceId: "f9b4ffce-a9e3-4707-9f7a-b45e07526a8a"
  referenceNo: "571"
  orderId: "cb76388d-ae7c-4c40-ad30-ab8454a4b67b"
  Assets:CurrentAssets:Bank:BocSavingBank -29500.00 HKD
  type: "Bill Payment"
  sourceId: "f9b4ffce-a9e3-4707-9f7a-b45e07526a8a"
  referenceNo: "571"
  orderId: "cb76388d-ae7c-4c40-ad30-ab8454a4b67b"
2023-07-03 * "880 806 () [53b8789a-4451-4a1f-84f7-a9c5da7ada1a]" "Bill Payment for Bill #680 #40135c8c-8c7b-4eba-8550-4c28f7d9029c"
  Liabilities:CurrentLiabilities:AccountPayable 525.00 HKD
  contact: "880 806 () [53b8789a-4451-4a1f-84f7-a9c5da7ada1a]"
  type: "Bill Payment"
  sourceId: "40135c8c-8c7b-4eba-8550-4c28f7d9029c"
  referenceNo: "680"
  orderId: "5283632e-8651-43cd-918e-9167b3878548"
  Assets:CurrentAssets:Bank:BocVisaCard-DavidBank -525.00 HKD
  type: "Bill Payment"
  sourceId: "40135c8c-8c7b-4eba-8550-4c28f7d9029c"
  referenceNo: "680"
  orderId: "5283632e-8651-43cd-918e-9167b3878548"
2023-07-04 * "Bill #570 kpay068"
  referenceNo: "570"
  orderId: "c8034848-b3c8-47b2-a266-eaf36f6171eb"
  type: "Bill"
  Expenses:GeneralExpense:CardFeeExpense 72.28 HKD
  qty: "1"
  description: "5940-5867.72= 72.28"
  referenceNo: "570"
  orderId: "c8034848-b3c8-47b2-a266-eaf36f6171eb"
  type: "Bill Item"
  sourceId: "62dc5937-0015-469a-b24c-493bf6c5cfd4"
  Liabilities:CurrentLiabilities:AccountPayable
  referenceNo: "570"
  orderId: "c8034848-b3c8-47b2-a266-eaf36f6171eb"
  type: "Bill"
  sourceId: "c8034848-b3c8-47b2-a266-eaf36f6171eb"
  contact: "998 12345821 (KPAY) [5a706f32-7edc-48d8-ae47-62fee1e8bba1]"
2023-07-04 * "Bill #681 GENERAL EXP - TV 運費"
  referenceNo: "681"
  orderId: "db779437-c5f9-4d18-8856-61889986710d"
  type: "Bill"
  Expenses:GeneralExpense:GeneralExpensesDirect 1265.16 HKD
  qty: "1"
  description: "TV 打木架，運費"
  referenceNo: "681"
  orderId: "db779437-c5f9-4d18-8856-61889986710d"
  type: "Bill Item"
  sourceId: "a2447988-74ce-48de-a1fb-a123967cc1b6"
  Expenses:GeneralExpense:GeneralExpensesDirect 30.29 HKD
  qty: "1"
  description: "便利贴"
  referenceNo: "681"
  orderId: "db779437-c5f9-4d18-8856-61889986710d"
  type: "Bill Item"
  sourceId: "c0af4d1d-1fb2-484b-80ec-a3179eff1386"
  Liabilities:CurrentLiabilities:AccountPayable
  referenceNo: "681"
  orderId: "db779437-c5f9-4d18-8856-61889986710d"
  type: "Bill"
  sourceId: "db779437-c5f9-4d18-8856-61889986710d"
  contact: "880 806 () [53b8789a-4451-4a1f-84f7-a9c5da7ada1a]"
2023-07-04 * "Bill #821 DKK 網頁支援 (台灣外判) (TWD 4800)"
  referenceNo: "821"
  orderId: "2fbf147f-cf8f-4d73-a009-d2cacad3ba35"
  type: "Bill"
  Expenses:GeneralExpense:WebErpDev 1262.00 HKD
  qty: "1"
  description: "DKK 網頁設計費用 - 台灣外判 (TWD 4800)"
  referenceNo: "821"
  orderId: "2fbf147f-cf8f-4d73-a009-d2cacad3ba35"
  type: "Bill Item"
  sourceId: "c34d12db-e0ff-4326-8137-66a853217314"
  Liabilities:CurrentLiabilities:AccountPayable
  referenceNo: "821"
  orderId: "2fbf147f-cf8f-4d73-a009-d2cacad3ba35"
  type: "Bill"
  sourceId: "2fbf147f-cf8f-4d73-a009-d2cacad3ba35"
  contact: "880 806 () [53b8789a-4451-4a1f-84f7-a9c5da7ada1a]"
2023-07-04 * "880 806 () [53b8789a-4451-4a1f-84f7-a9c5da7ada1a]" "Bill Payment for Bill #821 #fece83b8-99ae-4d3b-b6d6-28aca5a9f3c7"
  Liabilities:CurrentLiabilities:AccountPayable 1262.00 HKD
  contact: "880 806 () [53b8789a-4451-4a1f-84f7-a9c5da7ada1a]"
  type: "Bill Payment"
  sourceId: "fece83b8-99ae-4d3b-b6d6-28aca5a9f3c7"
  referenceNo: "821"
  orderId: "2fbf147f-cf8f-4d73-a009-d2cacad3ba35"
  Liabilities:CurrentLiabilities:CurrentAccount:C-a-MilrichElectronicsHkCoLtd -1262.00 HKD
  type: "Bill Payment"
  sourceId: "fece83b8-99ae-4d3b-b6d6-28aca5a9f3c7"
  referenceNo: "821"
  orderId: "2fbf147f-cf8f-4d73-a009-d2cacad3ba35"
2023-07-04 * "880 806 () [53b8789a-4451-4a1f-84f7-a9c5da7ada1a]" "Bill Payment for Bill #702 #cb526566-7b74-4be9-9285-a31994b0b579"
  Liabilities:CurrentLiabilities:AccountPayable 1261.58 HKD
  contact: "880 806 () [53b8789a-4451-4a1f-84f7-a9c5da7ada1a]"
  type: "Bill Payment"
  sourceId: "cb526566-7b74-4be9-9285-a31994b0b579"
  referenceNo: "702"
  orderId: "d8d71951-113d-40e5-86f3-7d95ffc23797"
  Liabilities:CurrentLiabilities:CurrentAccount:C-a-MilrichElectronicsHkCoLtd -1261.58 HKD
  type: "Bill Payment"
  sourceId: "cb526566-7b74-4be9-9285-a31994b0b579"
  referenceNo: "702"
  orderId: "d8d71951-113d-40e5-86f3-7d95ffc23797"
2023-07-04 * "880 806 () [53b8789a-4451-4a1f-84f7-a9c5da7ada1a]" "Bill Payment for Bill #681 #4b9cd9ac-11cf-4beb-9362-df8ea6ffc4e5"
  Liabilities:CurrentLiabilities:AccountPayable 1295.45 HKD
  contact: "880 806 () [53b8789a-4451-4a1f-84f7-a9c5da7ada1a]"
  type: "Bill Payment"
  sourceId: "4b9cd9ac-11cf-4beb-9362-df8ea6ffc4e5"
  referenceNo: "681"
  orderId: "db779437-c5f9-4d18-8856-61889986710d"
  Assets:CurrentAssets:Bank:BocVisaCard-DavidBank -1295.45 HKD
  type: "Bill Payment"
  sourceId: "4b9cd9ac-11cf-4beb-9362-df8ea6ffc4e5"
  referenceNo: "681"
  orderId: "db779437-c5f9-4d18-8856-61889986710d"
2023-07-04 * "Invoice #175 AA39253"
  Income:Sales:SalesItem:SellGoldJewelry -1822.00 HKD
  category: "Gold Jewelry"
  sku: "DDFF23051706000000000020"
  qty: 1
  referenceNo: "175"
  orderId: "1c7da050-a261-415b-9a6f-39a932fda9eb"
  type: "Invoice Item"
  sourceId: "2217e3f8-540c-4501-abd8-53c592afdc5e"
  Assets:CurrentAssets:AccountReceivable
  referenceNo: "175"
  orderId: "1c7da050-a261-415b-9a6f-39a932fda9eb"
  type: "Invoice"
  sourceId: "1c7da050-a261-415b-9a6f-39a932fda9eb"
  contact: "880 802 (Walkin) [42348712-7daa-4c29-93b7-756b472429a4]"
2023-07-04 * "Assets:CurrentAssets:Cash:CashInHand" "Invoice Payment for Invoice #175 #f7e0067b-a173-4b91-97ba-b1cc78f89e74"
  Assets:CurrentAssets:Cash:CashInHand 1822.00 HKD
  type: "Invoice Payment"
  sourceId: "f7e0067b-a173-4b91-97ba-b1cc78f89e74"
  referenceNo: "175"
  orderId: "1c7da050-a261-415b-9a6f-39a932fda9eb"
  Assets:CurrentAssets:AccountReceivable -1822.00 HKD
  type: "Invoice Payment"
  sourceId: "f7e0067b-a173-4b91-97ba-b1cc78f89e74"
  referenceNo: "175"
  orderId: "1c7da050-a261-415b-9a6f-39a932fda9eb"
  contact: "880 802 (Walkin) [42348712-7daa-4c29-93b7-756b472429a4]"
2023-07-05 * "Invoice #140 AA39254"
  Income:Sales:SalesItem:SellGoldJewelry -1240.00 HKD
  category: "Gold Jewelry"
  sku: "DDFF23051205000000000007"
  qty: 1
  referenceNo: "140"
  orderId: "37e92d9e-d86a-4c4d-bcc3-9214805452b7"
  type: "Invoice Item"
  sourceId: "64e62c7a-219d-4a53-8494-3189c45396c5"
  Assets:CurrentAssets:AccountReceivable
  referenceNo: "140"
  orderId: "37e92d9e-d86a-4c4d-bcc3-9214805452b7"
  type: "Invoice"
  sourceId: "37e92d9e-d86a-4c4d-bcc3-9214805452b7"
  contact: "852 66259236 (MR.LEE) [cb18cc2e-3840-4bd1-a133-ff736726cf9e]"
2023-07-05 * "Assets:CurrentAssets:Cash:CashInHand" "Invoice Payment for Invoice #140 #5f53c44a-2eaf-46d3-9cd2-ac86402e9a8b"
  Assets:CurrentAssets:Cash:CashInHand 1240.00 HKD
  type: "Invoice Payment"
  sourceId: "5f53c44a-2eaf-46d3-9cd2-ac86402e9a8b"
  referenceNo: "140"
  orderId: "37e92d9e-d86a-4c4d-bcc3-9214805452b7"
  Assets:CurrentAssets:AccountReceivable -1240.00 HKD
  type: "Invoice Payment"
  sourceId: "5f53c44a-2eaf-46d3-9cd2-ac86402e9a8b"
  referenceNo: "140"
  orderId: "37e92d9e-d86a-4c4d-bcc3-9214805452b7"
  contact: "852 66259236 (MR.LEE) [cb18cc2e-3840-4bd1-a133-ff736726cf9e]"
2023-07-05 * "Invoice #180 STAFF SALE"
  Income:Sales:SalesItem:Sell18kJewelry -712.00 HKD
  category: "Jewelry"
  sku: "DDFFFFFF0700000000000025"
  qty: 1
  referenceNo: "180"
  orderId: "9c9ae71d-71ad-4ea0-a30f-305795468181"
  type: "Invoice Item"
  sourceId: "26402010-4006-47d3-857d-acbdd9df704a"
  Income:Sales:SalesItem:Sell18kJewelry -6370.00 HKD
  category: "Jewelry"
  sku: "DDFFFFFF0200000000000001"
  qty: 1
  referenceNo: "180"
  orderId: "9c9ae71d-71ad-4ea0-a30f-305795468181"
  type: "Invoice Item"
  sourceId: "207156ad-3088-4412-9ca5-87e7af058987"
  Assets:CurrentAssets:AccountReceivable
  referenceNo: "180"
  orderId: "9c9ae71d-71ad-4ea0-a30f-305795468181"
  type: "Invoice"
  sourceId: "9c9ae71d-71ad-4ea0-a30f-305795468181"
  contact: "998 12345751 (SALES#0003ELMA) [28639a2d-ee79-48b0-96d2-4f5df20780ae]"
2023-07-05 * "998 12345821 (KPAY) [5a706f32-7edc-48d8-ae47-62fee1e8bba1]" "Bill Payment for Bill #559 #d1d09658-90d3-41fc-8321-49886da6498a"
  Liabilities:CurrentLiabilities:AccountPayable 538.05 HKD
  contact: "998 12345821 (KPAY) [5a706f32-7edc-48d8-ae47-62fee1e8bba1]"
  type: "Bill Payment"
  sourceId: "d1d09658-90d3-41fc-8321-49886da6498a"
  referenceNo: "559"
  orderId: "7e71b258-309e-47f8-8159-e5b4e088ffc2"
  Assets:CurrentAssets:Bank:KpayBank -538.05 HKD
  type: "Bill Payment"
  sourceId: "d1d09658-90d3-41fc-8321-49886da6498a"
  referenceNo: "559"
  orderId: "7e71b258-309e-47f8-8159-e5b4e088ffc2"
2023-07-05 * "998 12345821 (KPAY) [5a706f32-7edc-48d8-ae47-62fee1e8bba1]" "Bill Payment for Bill #560 #8d3a55b6-16c5-4dd0-9692-f19ff3a9e439"
  Liabilities:CurrentLiabilities:AccountPayable 35.80 HKD
  contact: "998 12345821 (KPAY) [5a706f32-7edc-48d8-ae47-62fee1e8bba1]"
  type: "Bill Payment"
  sourceId: "8d3a55b6-16c5-4dd0-9692-f19ff3a9e439"
  referenceNo: "560"
  orderId: "e516a5fd-010e-47c7-a9bd-5b20181eb754"
  Assets:CurrentAssets:Bank:KpayBank -35.80 HKD
  type: "Bill Payment"
  sourceId: "8d3a55b6-16c5-4dd0-9692-f19ff3a9e439"
  referenceNo: "560"
  orderId: "e516a5fd-010e-47c7-a9bd-5b20181eb754"
2023-07-05 * "998 12345821 (KPAY) [5a706f32-7edc-48d8-ae47-62fee1e8bba1]" "Bill Payment for Bill #570 #b0cdb577-d1a9-42f3-b03e-a44f0d016c3a"
  Liabilities:CurrentLiabilities:AccountPayable 72.28 HKD
  contact: "998 12345821 (KPAY) [5a706f32-7edc-48d8-ae47-62fee1e8bba1]"
  type: "Bill Payment"
  sourceId: "b0cdb577-d1a9-42f3-b03e-a44f0d016c3a"
  referenceNo: "570"
  orderId: "c8034848-b3c8-47b2-a266-eaf36f6171eb"
  Assets:CurrentAssets:Bank:KpayBank -72.28 HKD
  type: "Bill Payment"
  sourceId: "b0cdb577-d1a9-42f3-b03e-a44f0d016c3a"
  referenceNo: "570"
  orderId: "c8034848-b3c8-47b2-a266-eaf36f6171eb"
2023-07-05 * "Bill #572 ADT (inv 1029384)"
  referenceNo: "572"
  orderId: "219ef376-0dac-4e15-8bb9-5a07e185c9b6"
  type: "Bill"
  Expenses:GeneralExpense:TelephoneAndInternetAndAlarm 16790.00 HKD
  qty: "1"
  description: "ADT ALARM INSTALLATION SERVICE CHARGE"
  referenceNo: "572"
  orderId: "219ef376-0dac-4e15-8bb9-5a07e185c9b6"
  type: "Bill Item"
  sourceId: "732d29a6-8d9c-4c3f-8139-b43b9b1448d0"
  Liabilities:CurrentLiabilities:AccountPayable
  referenceNo: "572"
  orderId: "219ef376-0dac-4e15-8bb9-5a07e185c9b6"
  type: "Bill"
  sourceId: "219ef376-0dac-4e15-8bb9-5a07e185c9b6"
  contact: "880 806 () [53b8789a-4451-4a1f-84f7-a9c5da7ada1a]"
2023-07-05 * "880 806 () [53b8789a-4451-4a1f-84f7-a9c5da7ada1a]" "Bill Payment for Bill #572 #b1a1ff39-2039-4aa8-b350-ab57b8424802"
  Liabilities:CurrentLiabilities:AccountPayable 16790.00 HKD
  contact: "880 806 () [53b8789a-4451-4a1f-84f7-a9c5da7ada1a]"
  type: "Bill Payment"
  sourceId: "b1a1ff39-2039-4aa8-b350-ab57b8424802"
  referenceNo: "572"
  orderId: "219ef376-0dac-4e15-8bb9-5a07e185c9b6"
  Assets:CurrentAssets:Bank:BocSavingBank -16790.00 HKD
  type: "Bill Payment"
  sourceId: "b1a1ff39-2039-4aa8-b350-ab57b8424802"
  referenceNo: "572"
  orderId: "219ef376-0dac-4e15-8bb9-5a07e185c9b6"
2023-07-05 * "Bill #573 Bank Fee"
  referenceNo: "573"
  orderId: "e83c190f-0a86-47d5-b2ed-b6e870149afb"
  type: "Bill"
  Expenses:GeneralExpense:BankFeesExpense 5.00 HKD
  qty: "1"
  description: "Bank Fee"
  referenceNo: "573"
  orderId: "e83c190f-0a86-47d5-b2ed-b6e870149afb"
  type: "Bill Item"
  sourceId: "cfa831d9-6ef2-4ba1-a509-772137314cb6"
  Liabilities:CurrentLiabilities:AccountPayable
  referenceNo: "573"
  orderId: "e83c190f-0a86-47d5-b2ed-b6e870149afb"
  type: "Bill"
  sourceId: "e83c190f-0a86-47d5-b2ed-b6e870149afb"
  contact: "880 806 () [53b8789a-4451-4a1f-84f7-a9c5da7ada1a]"
2023-07-05 * "Bill #577 kpay069"
  referenceNo: "577"
  orderId: "51303a91-9c7e-41d8-8b49-723e088eeb7f"
  type: "Bill"
  Expenses:GeneralExpense:CardFeeExpense 2600.61 HKD
  qty: "1"
  description: "136241-133640.39 = 2600.61"
  referenceNo: "577"
  orderId: "51303a91-9c7e-41d8-8b49-723e088eeb7f"
  type: "Bill Item"
  sourceId: "06957774-46e7-40e4-b825-854b81161231"
  Liabilities:CurrentLiabilities:AccountPayable
  referenceNo: "577"
  orderId: "51303a91-9c7e-41d8-8b49-723e088eeb7f"
  type: "Bill"
  sourceId: "51303a91-9c7e-41d8-8b49-723e088eeb7f"
  contact: "998 12345821 (KPAY) [5a706f32-7edc-48d8-ae47-62fee1e8bba1]"
2023-07-05 * "880 806 () [53b8789a-4451-4a1f-84f7-a9c5da7ada1a]" "Bill Payment for Bill #573 #e7523583-2a18-4114-b53f-da590f3aa0ac"
  Liabilities:CurrentLiabilities:AccountPayable 5.00 HKD
  contact: "880 806 () [53b8789a-4451-4a1f-84f7-a9c5da7ada1a]"
  type: "Bill Payment"
  sourceId: "e7523583-2a18-4114-b53f-da590f3aa0ac"
  referenceNo: "573"
  orderId: "e83c190f-0a86-47d5-b2ed-b6e870149afb"
  Assets:CurrentAssets:Bank:BocSavingBank -5.00 HKD
  type: "Bill Payment"
  sourceId: "e7523583-2a18-4114-b53f-da590f3aa0ac"
  referenceNo: "573"
  orderId: "e83c190f-0a86-47d5-b2ed-b6e870149afb"
2023-07-05 * "998 12345821 (KPAY) [5a706f32-7edc-48d8-ae47-62fee1e8bba1]" "Bill Payment for Bill #577 #5600fd2e-1d02-4303-a640-9f7d3c4355c8"
  Liabilities:CurrentLiabilities:AccountPayable 2600.61 HKD
  contact: "998 12345821 (KPAY) [5a706f32-7edc-48d8-ae47-62fee1e8bba1]"
  type: "Bill Payment"
  sourceId: "5600fd2e-1d02-4303-a640-9f7d3c4355c8"
  referenceNo: "577"
  orderId: "51303a91-9c7e-41d8-8b49-723e088eeb7f"
  Assets:CurrentAssets:Bank:KpayBank -2600.61 HKD
  type: "Bill Payment"
  sourceId: "5600fd2e-1d02-4303-a640-9f7d3c4355c8"
  referenceNo: "577"
  orderId: "51303a91-9c7e-41d8-8b49-723e088eeb7f"
2023-07-06 * "Bill #703 台灣外判設計 - 票卷設計1張"
  referenceNo: "703"
  orderId: "9b317f1d-e21d-4618-9534-c5f33ed7e95e"
  type: "Bill"
  Expenses:GeneralExpense:AdvertisingAndBranding 534.87 HKD
  qty: "1"
  description: "台灣外判設計 - 票卷設計1張 (50%訂金) (TWD 2037)"
  referenceNo: "703"
  orderId: "9b317f1d-e21d-4618-9534-c5f33ed7e95e"
  type: "Bill Item"
  sourceId: "0c70ad36-d228-4da4-844d-17a4f7bdb2eb"
  Expenses:GeneralExpense:AdvertisingAndBranding 279.04 HKD
  qty: "1"
  description: "台灣外判設計 - 票卷設計1張 (50%尾數) (TWD 1054)"
  referenceNo: "703"
  orderId: "9b317f1d-e21d-4618-9534-c5f33ed7e95e"
  type: "Bill Item"
  sourceId: "efcc73b3-50cb-4e77-87f6-738438168ca5"
  Liabilities:CurrentLiabilities:AccountPayable
  referenceNo: "703"
  orderId: "9b317f1d-e21d-4618-9534-c5f33ed7e95e"
  type: "Bill"
  sourceId: "9b317f1d-e21d-4618-9534-c5f33ed7e95e"
  contact: "880 806 () [53b8789a-4451-4a1f-84f7-a9c5da7ada1a]"
2023-07-06 * "880 806 () [53b8789a-4451-4a1f-84f7-a9c5da7ada1a]" "Bill Payment for Bill #703 #36808aca-e660-4ab9-afd6-4f8b5d601f2e"
  Liabilities:CurrentLiabilities:AccountPayable 534.87 HKD
  contact: "880 806 () [53b8789a-4451-4a1f-84f7-a9c5da7ada1a]"
  type: "Bill Payment"
  sourceId: "36808aca-e660-4ab9-afd6-4f8b5d601f2e"
  referenceNo: "703"
  orderId: "9b317f1d-e21d-4618-9534-c5f33ed7e95e"
  Liabilities:CurrentLiabilities:CurrentAccount:C-a-MilrichElectronicsHkCoLtd -534.87 HKD
  type: "Bill Payment"
  sourceId: "36808aca-e660-4ab9-afd6-4f8b5d601f2e"
  referenceNo: "703"
  orderId: "9b317f1d-e21d-4618-9534-c5f33ed7e95e"
2023-07-06 * "Bill #578 Hazel 06/23 廣告費 (INV2023/0001)"
  referenceNo: "578"
  orderId: "89abdc18-058c-4b4e-80e5-22a0af9f34b8"
  type: "Bill"
  Expenses:GeneralExpense:AdvertisingAndBranding 16606.98 HKD
  qty: "1"
  description: "Hazel 06/23 廣告費 (INV2023/0001)"
  referenceNo: "578"
  orderId: "89abdc18-058c-4b4e-80e5-22a0af9f34b8"
  type: "Bill Item"
  sourceId: "c729446f-80ec-466c-9211-6c7cd0ea726c"
  Liabilities:CurrentLiabilities:AccountPayable
  referenceNo: "578"
  orderId: "89abdc18-058c-4b4e-80e5-22a0af9f34b8"
  type: "Bill"
  sourceId: "89abdc18-058c-4b4e-80e5-22a0af9f34b8"
  contact: "880 806 () [53b8789a-4451-4a1f-84f7-a9c5da7ada1a]"
2023-07-06 * "Bill #580 Bank Fee"
  referenceNo: "580"
  orderId: "5d9fd322-3fd6-4fbb-9538-e36460bc8824"
  type: "Bill"
  Expenses:GeneralExpense:BankFeesExpense 5.00 HKD
  qty: "1"
  description: "Bank Fee for FPS"
  referenceNo: "580"
  orderId: "5d9fd322-3fd6-4fbb-9538-e36460bc8824"
  type: "Bill Item"
  sourceId: "6644a852-dbb9-4e8b-8f96-4439cecfac9f"
  Liabilities:CurrentLiabilities:AccountPayable
  referenceNo: "580"
  orderId: "5d9fd322-3fd6-4fbb-9538-e36460bc8824"
  type: "Bill"
  sourceId: "5d9fd322-3fd6-4fbb-9538-e36460bc8824"
  contact: "880 806 () [53b8789a-4451-4a1f-84f7-a9c5da7ada1a]"
2023-07-06 * "880 806 () [53b8789a-4451-4a1f-84f7-a9c5da7ada1a]" "Bill Payment for Bill #578 #af46d5fe-d51c-4528-a597-8bff02a88122"
  Liabilities:CurrentLiabilities:AccountPayable 16606.98 HKD
  contact: "880 806 () [53b8789a-4451-4a1f-84f7-a9c5da7ada1a]"
  type: "Bill Payment"
  sourceId: "af46d5fe-d51c-4528-a597-8bff02a88122"
  referenceNo: "578"
  orderId: "89abdc18-058c-4b4e-80e5-22a0af9f34b8"
  Assets:CurrentAssets:Bank:BocSavingBank -16606.98 HKD
  type: "Bill Payment"
  sourceId: "af46d5fe-d51c-4528-a597-8bff02a88122"
  referenceNo: "578"
  orderId: "89abdc18-058c-4b4e-80e5-22a0af9f34b8"
2023-07-06 * "880 806 () [53b8789a-4451-4a1f-84f7-a9c5da7ada1a]" "Bill Payment for Bill #580 #2e0a88fe-91f9-4300-880b-d0b102f00e4a"
  Liabilities:CurrentLiabilities:AccountPayable 5.00 HKD
  contact: "880 806 () [53b8789a-4451-4a1f-84f7-a9c5da7ada1a]"
  type: "Bill Payment"
  sourceId: "2e0a88fe-91f9-4300-880b-d0b102f00e4a"
  referenceNo: "580"
  orderId: "5d9fd322-3fd6-4fbb-9538-e36460bc8824"
  Assets:CurrentAssets:Bank:BocSavingBank -5.00 HKD
  type: "Bill Payment"
  sourceId: "2e0a88fe-91f9-4300-880b-d0b102f00e4a"
  referenceNo: "580"
  orderId: "5d9fd322-3fd6-4fbb-9538-e36460bc8824"
2023-07-06 * "Assets:CurrentAssets:Cash:CashInHand" "Invoice Payment for Invoice #180 #b772a978-2e69-4725-913a-d4fb538df902"
  Assets:CurrentAssets:Cash:CashInHand 7082.00 HKD
  type: "Invoice Payment"
  sourceId: "b772a978-2e69-4725-913a-d4fb538df902"
  referenceNo: "180"
  orderId: "9c9ae71d-71ad-4ea0-a30f-305795468181"
  Assets:CurrentAssets:AccountReceivable -7082.00 HKD
  type: "Invoice Payment"
  sourceId: "b772a978-2e69-4725-913a-d4fb538df902"
  referenceNo: "180"
  orderId: "9c9ae71d-71ad-4ea0-a30f-305795468181"
  contact: "998 12345751 (SALES#0003ELMA) [28639a2d-ee79-48b0-96d2-4f5df20780ae]"
2023-07-06 * "Invoice #45 INV#321 (SAMANTHA FDS)"
  Income:Sales:SalesItem:SellDiamond -29800.00 HKD
  category: "Natural Diamond"
  sku: "DDFFFFFF0800007451485510"
  qty: 1
  referenceNo: "45"
  orderId: "1c214d37-1248-4526-bf88-7b4e19015358"
  type: "Invoice Item"
  sourceId: "55702c8d-d8f6-4a4c-8ea6-37ad102370e1"
  Assets:CurrentAssets:AccountReceivable
  referenceNo: "45"
  orderId: "1c214d37-1248-4526-bf88-7b4e19015358"
  type: "Invoice"
  sourceId: "1c214d37-1248-4526-bf88-7b4e19015358"
  contact: "852 98790305 (MR.MAKJARED) [6c8721c3-9954-4236-bdc7-4eb254bcd0ae]"
2023-07-07 * "880 806 () [53b8789a-4451-4a1f-84f7-a9c5da7ada1a]" "Bill Payment for Bill #397 #bb38a2cc-229c-4910-981c-219a4e8ab197"
  Liabilities:CurrentLiabilities:AccountPayable 11775.00 HKD
  contact: "880 806 () [53b8789a-4451-4a1f-84f7-a9c5da7ada1a]"
  type: "Bill Payment"
  sourceId: "bb38a2cc-229c-4910-981c-219a4e8ab197"
  referenceNo: "397"
  orderId: "d5be83d5-ba56-45fd-ae04-18823be1902a"
  Assets:CurrentAssets:Bank:BocSavingBank -11775.00 HKD
  type: "Bill Payment"
  sourceId: "bb38a2cc-229c-4910-981c-219a4e8ab197"
  referenceNo: "397"
  orderId: "d5be83d5-ba56-45fd-ae04-18823be1902a"
2023-07-07 * "Assets:CurrentAssets:Bank:KpayBank" "Invoice Payment for Invoice #45 #3b9e4f17-46db-495f-9451-48d3cee4764a"
  Assets:CurrentAssets:Bank:KpayBank 29800.00 HKD
  type: "Invoice Payment"
  sourceId: "3b9e4f17-46db-495f-9451-48d3cee4764a"
  referenceNo: "45"
  orderId: "1c214d37-1248-4526-bf88-7b4e19015358"
  Assets:CurrentAssets:AccountReceivable -29800.00 HKD
  type: "Invoice Payment"
  sourceId: "3b9e4f17-46db-495f-9451-48d3cee4764a"
  referenceNo: "45"
  orderId: "1c214d37-1248-4526-bf88-7b4e19015358"
  contact: "852 98790305 (MR.MAKJARED) [6c8721c3-9954-4236-bdc7-4eb254bcd0ae]"
2023-07-07 * "Invoice #193 AA39255"
  Income:Sales:SalesItem:SellGoldJewelry -8122.00 HKD
  category: "Gold Jewelry"
  sku: "DDFF23051704000000000059"
  qty: 1
  referenceNo: "193"
  orderId: "a24b0ced-e8a4-44b3-9365-76fac50b0701"
  type: "Invoice Item"
  sourceId: "b2c3485b-2cd5-4e80-b943-278048e5a85b"
  Assets:CurrentAssets:AccountReceivable
  referenceNo: "193"
  orderId: "a24b0ced-e8a4-44b3-9365-76fac50b0701"
  type: "Invoice"
  sourceId: "a24b0ced-e8a4-44b3-9365-76fac50b0701"
  contact: "880 802 (Walkin) [42348712-7daa-4c29-93b7-756b472429a4]"
2023-07-09 * "Assets:CurrentAssets:Bank:KpayBank" "Invoice Payment for Invoice #193 #0eb1999d-16f0-484b-a21c-e74db3bb09fd"
  Assets:CurrentAssets:Bank:KpayBank 8122.00 HKD
  type: "Invoice Payment"
  sourceId: "0eb1999d-16f0-484b-a21c-e74db3bb09fd"
  referenceNo: "193"
  orderId: "a24b0ced-e8a4-44b3-9365-76fac50b0701"
  Assets:CurrentAssets:AccountReceivable -8122.00 HKD
  type: "Invoice Payment"
  sourceId: "0eb1999d-16f0-484b-a21c-e74db3bb09fd"
  referenceNo: "193"
  orderId: "a24b0ced-e8a4-44b3-9365-76fac50b0701"
  contact: "880 802 (Walkin) [42348712-7daa-4c29-93b7-756b472429a4]"
2023-07-09 * "Invoice #195 "
  Income:Sales:SalesItem:SellGoldJewelry -2528.00 HKD
  category: "Gold Jewelry"
  sku: "DDFF23051707000000000010"
  qty: 1
  referenceNo: "195"
  orderId: "a77ad6c7-e0a8-42e0-90fc-ad650fdfdf75"
  type: "Invoice Item"
  sourceId: "00de51d9-2c03-46d0-9b39-4c22d3caef62"
  Income:Sales:SalesItem:SellGoldJewelry -2185.00 HKD
  category: "Gold Jewelry"
  sku: "DDFF23051202000000000010"
  qty: 1
  referenceNo: "195"
  orderId: "a77ad6c7-e0a8-42e0-90fc-ad650fdfdf75"
  type: "Invoice Item"
  sourceId: "c485ffd8-8368-4bcc-b685-a1f4a55a27b9"
  Income:Sales:SalesItem:SellGoldJewelry -1311.00 HKD
  category: "Gold Jewelry"
  sku: "DDFF23051206000000000002"
  qty: 1
  referenceNo: "195"
  orderId: "a77ad6c7-e0a8-42e0-90fc-ad650fdfdf75"
  type: "Invoice Item"
  sourceId: "b4957ddf-661c-4bf2-9bc2-13b12da82edd"
  Assets:CurrentAssets:AccountReceivable
  referenceNo: "195"
  orderId: "a77ad6c7-e0a8-42e0-90fc-ad650fdfdf75"
  type: "Invoice"
  sourceId: "a77ad6c7-e0a8-42e0-90fc-ad650fdfdf75"
  contact: "852 91295555 (MS.O) [1716a1e9-7921-4af1-beac-4dbbd848b424]"
2023-07-09 * "Assets:CurrentAssets:Bank:KpayBank" "Invoice Payment for Invoice #195 #0c93102b-ed6f-4cb3-83d8-6864835eabea"
  Assets:CurrentAssets:Bank:KpayBank 6024.00 HKD
  type: "Invoice Payment"
  sourceId: "0c93102b-ed6f-4cb3-83d8-6864835eabea"
  referenceNo: "195"
  orderId: "a77ad6c7-e0a8-42e0-90fc-ad650fdfdf75"
  Assets:CurrentAssets:AccountReceivable -6024.00 HKD
  type: "Invoice Payment"
  sourceId: "0c93102b-ed6f-4cb3-83d8-6864835eabea"
  referenceNo: "195"
  orderId: "a77ad6c7-e0a8-42e0-90fc-ad650fdfdf75"
  contact: "852 91295555 (MS.O) [1716a1e9-7921-4af1-beac-4dbbd848b424]"
2023-07-10 * "Bill #566 ✱ 230018 REPAIR ORDER"
  referenceNo: "566"
  orderId: "5886ac06-3c60-4ad7-b709-dec5ec7f3a4d"
  type: "Bill"
  Expenses:CostOfSales:Purchase:PurchaseItem:BuyCost-ProcessingFee 100.00 HKD
  qty: "1"
  description: "REPAIR : FNE805-70221-3    "
  referenceNo: "566"
  orderId: "5886ac06-3c60-4ad7-b709-dec5ec7f3a4d"
  type: "Bill Item"
  sourceId: "9aa58379-9d5b-43b1-b20a-6b29bf5140c5"
  Expenses:CostOfSales:Purchase:PurchaseItem:BuyCost-ProcessingFee 100.00 HKD
  qty: "1"
  description: "REPAIR : N2209 "
  referenceNo: "566"
  orderId: "5886ac06-3c60-4ad7-b709-dec5ec7f3a4d"
  type: "Bill Item"
  sourceId: "d6507f12-58e6-4e15-98fa-bcf123b15ed4"
  Liabilities:CurrentLiabilities:AccountPayable
  referenceNo: "566"
  orderId: "5886ac06-3c60-4ad7-b709-dec5ec7f3a4d"
  type: "Bill"
  sourceId: "5886ac06-3c60-4ad7-b709-dec5ec7f3a4d"
  contact: "998 12345767 (SkyHighHoldingsGroupLtd) [efdca012-5d6e-4361-8ec7-f5566615d58a]"
2023-07-10 * "Bill #630 ✱ 230018 交gia石鑲貨, 做新托 (INV71)"
  referenceNo: "630"
  orderId: "b1904e5f-2fca-4d2b-8634-f790c1addf6e"
  type: "Bill"
  Assets:CurrentAssets:ShopInventory:Jewelry 42755.00 HKD
  category: "Jewelry"
  sku: "DDFF23071606000000000001"
  qty: 1
  referenceNo: "630"
  orderId: "b1904e5f-2fca-4d2b-8634-f790c1addf6e"
  type: "Bill Item"
  sourceId: "c36610a6-640d-4b3b-bbff-5cdd52b6187e"
  Expenses:CostOfSales:Purchase:PurchaseItem:BuyCost-ProcessingFee 1874.00 HKD
  category: "Other"
  sku: "Processing 081"
  qty: 1
  referenceNo: "630"
  orderId: "b1904e5f-2fca-4d2b-8634-f790c1addf6e"
  type: "Bill Item"
  sourceId: "8381ba73-c8e6-4c71-bff5-58c5b682d1cf"
  Assets:CurrentAssets:ShopInventory:NaturalDiamond -19813.00 HKD
  category: "Natural Diamond"
  sku: "DDFFFFFF0800006425909628"
  qty: -1
  referenceNo: "630"
  orderId: "b1904e5f-2fca-4d2b-8634-f790c1addf6e"
  type: "Bill Item"
  sourceId: "0bcc36ce-563e-4a6d-b8d5-06219ad207ec"
  Assets:CurrentAssets:ShopInventory:NaturalDiamond -21068.00 HKD
  category: "Natural Diamond"
  sku: "DDFFFFFF0800007456868826"
  qty: -1
  referenceNo: "630"
  orderId: "b1904e5f-2fca-4d2b-8634-f790c1addf6e"
  type: "Bill Item"
  sourceId: "5858df85-fdf1-4e2a-85ab-8b4e7276c1a0"
  Expenses:CostOfSales:Purchase:PurchaseItem:BuyCost-ProcessingFee -1874.00 HKD
  category: "Other"
  sku: "Processing 081"
  qty: -1
  referenceNo: "630"
  orderId: "b1904e5f-2fca-4d2b-8634-f790c1addf6e"
  type: "Bill Item"
  sourceId: "b8e27460-8737-46c9-ae8d-a2aabe01f366"
  Liabilities:CurrentLiabilities:AccountPayable
  referenceNo: "630"
  orderId: "b1904e5f-2fca-4d2b-8634-f790c1addf6e"
  type: "Bill"
  sourceId: "b1904e5f-2fca-4d2b-8634-f790c1addf6e"
  contact: "998 12345767 (SkyHighHoldingsGroupLtd) [efdca012-5d6e-4361-8ec7-f5566615d58a]"
2023-07-10 * "Bill #847 REFUND 退款 - 格子柜"
  referenceNo: "847"
  orderId: "054618fd-b55f-4459-ae16-6832aadcef2c"
  type: "Bill"
  Expenses:GeneralExpense:GeneralExpensesDirect -270.75 HKD
  qty: "1"
  description: "REFUND 退款 - 格子柜"
  referenceNo: "847"
  orderId: "054618fd-b55f-4459-ae16-6832aadcef2c"
  type: "Bill Item"
  sourceId: "a1091513-8c4e-4a82-bb78-4402ebe74d0c"
  Liabilities:CurrentLiabilities:AccountPayable
  referenceNo: "847"
  orderId: "054618fd-b55f-4459-ae16-6832aadcef2c"
  type: "Bill"
  sourceId: "054618fd-b55f-4459-ae16-6832aadcef2c"
  contact: "880 806 () [53b8789a-4451-4a1f-84f7-a9c5da7ada1a]"
2023-07-10 * "880 806 () [53b8789a-4451-4a1f-84f7-a9c5da7ada1a]" "Bill Payment for Bill #847 #7e3f6943-7ed0-4018-8a9d-5db1e4832fa0"
  Liabilities:CurrentLiabilities:AccountPayable -270.75 HKD
  contact: "880 806 () [53b8789a-4451-4a1f-84f7-a9c5da7ada1a]"
  type: "Bill Payment"
  sourceId: "7e3f6943-7ed0-4018-8a9d-5db1e4832fa0"
  referenceNo: "847"
  orderId: "054618fd-b55f-4459-ae16-6832aadcef2c"
  Assets:CurrentAssets:Bank:BocVisaCard-DavidBank --270.75 HKD
  type: "Bill Payment"
  sourceId: "7e3f6943-7ed0-4018-8a9d-5db1e4832fa0"
  referenceNo: "847"
  orderId: "054618fd-b55f-4459-ae16-6832aadcef2c"
2023-07-11 * "Bill #656 待發票 出庫單: NSA202313464823"
  referenceNo: "656"
  orderId: "0d547d9c-71ca-46d8-80f3-273275728a3b"
  type: "Bill"
  Expenses:CostOfSales:Purchase:PurchaseItem:BuyGoldJewelry 18054.65 CNY
  category: "Gold Jewelry"
  sku: "DDFF23071204000000000001"
  qty: 1
  referenceNo: "656"
  orderId: "0d547d9c-71ca-46d8-80f3-273275728a3b"
  type: "Bill Item"
  sourceId: "db6a694b-ec91-4654-b36d-3a3f75187fc6"
  Liabilities:CurrentLiabilities:AccountPayable
  referenceNo: "656"
  orderId: "0d547d9c-71ca-46d8-80f3-273275728a3b"
  type: "Bill"
  sourceId: "0d547d9c-71ca-46d8-80f3-273275728a3b"
  contact: "998 12345842 (粵豪珠寶) [d452a034-9f5a-4b05-b8d6-6e1c7ed56ec4]"
2023-07-11 * "880 806 () [53b8789a-4451-4a1f-84f7-a9c5da7ada1a]" "Bill Payment for Bill #611 #599a275f-084c-4148-be61-2f6400a01221"
  Liabilities:CurrentLiabilities:AccountPayable 14852.00 USD
  contact: "880 806 () [53b8789a-4451-4a1f-84f7-a9c5da7ada1a]"
  type: "Bill Payment"
  sourceId: "599a275f-084c-4148-be61-2f6400a01221"
  referenceNo: "611"
  orderId: "5bc391e7-2706-4839-b2ae-a43bc9f54512"
  Liabilities:CurrentLiabilities:CurrentAccount:C-a-MilrichElectronicsHkCoLtd -14852.00 USD
  type: "Bill Payment"
  sourceId: "599a275f-084c-4148-be61-2f6400a01221"
  referenceNo: "611"
  orderId: "5bc391e7-2706-4839-b2ae-a43bc9f54512"
2023-07-11 * "880 806 () [53b8789a-4451-4a1f-84f7-a9c5da7ada1a]" "Bill Payment for Bill #840 #61c2fcf9-c759-4f48-83f1-71525d4e7771"
  Liabilities:CurrentLiabilities:AccountPayable 2008.00 HKD
  contact: "880 806 () [53b8789a-4451-4a1f-84f7-a9c5da7ada1a]"
  type: "Bill Payment"
  sourceId: "61c2fcf9-c759-4f48-83f1-71525d4e7771"
  referenceNo: "840"
  orderId: "0d334af5-b688-4139-8ebb-40f19d65fda3"
  Liabilities:CurrentLiabilities:CurrentAccount:C-a-MilrichElectronicsHkCoLtd -2008.00 HKD
  type: "Bill Payment"
  sourceId: "61c2fcf9-c759-4f48-83f1-71525d4e7771"
  referenceNo: "840"
  orderId: "0d334af5-b688-4139-8ebb-40f19d65fda3"
2023-07-11 * "Invoice #191 "
  Income:Sales:SalesItem:Sell18kJewelry -6840.00 HKD
  category: "Jewelry"
  sku: "DDFFFFFF0500000000000056"
  qty: 1
  referenceNo: "191"
  orderId: "3b18a629-265b-4314-bf93-e5941be98c39"
  type: "Invoice Item"
  sourceId: "10211036-9a43-4cbb-8767-5fa2048e8625"
  Assets:CurrentAssets:AccountReceivable
  referenceNo: "191"
  orderId: "3b18a629-265b-4314-bf93-e5941be98c39"
  type: "Invoice"
  sourceId: "3b18a629-265b-4314-bf93-e5941be98c39"
  contact: "852 91023164 (MR.FONG) [807a41cd-96e4-4233-a5df-1aa43698bb3b]"
2023-07-11 * "Assets:CurrentAssets:Bank:KpayBank" "Invoice Payment for Invoice #191 #c2ef4b8b-6b0f-4ed0-983c-98cc2d92805a"
  Assets:CurrentAssets:Bank:KpayBank 6840.00 HKD
  type: "Invoice Payment"
  sourceId: "c2ef4b8b-6b0f-4ed0-983c-98cc2d92805a"
  referenceNo: "191"
  orderId: "3b18a629-265b-4314-bf93-e5941be98c39"
  Assets:CurrentAssets:AccountReceivable -6840.00 HKD
  type: "Invoice Payment"
  sourceId: "c2ef4b8b-6b0f-4ed0-983c-98cc2d92805a"
  referenceNo: "191"
  orderId: "3b18a629-265b-4314-bf93-e5941be98c39"
  contact: "852 91023164 (MR.FONG) [807a41cd-96e4-4233-a5df-1aa43698bb3b]"
2023-07-12 * "Bill #90 EPS 23年6月手續費"
  referenceNo: "90"
  orderId: "7761c644-e672-4c6a-ac59-80cfdb9af8e6"
  type: "Bill"
  Expenses:GeneralExpense:BankFeesExpense 410.00 HKD
  qty: "1"
  description: "EPS 23年6月手續費"
  referenceNo: "90"
  orderId: "7761c644-e672-4c6a-ac59-80cfdb9af8e6"
  type: "Bill Item"
  sourceId: "6462a816-93fa-4bdc-85f1-e8bc51263eb3"
  Liabilities:CurrentLiabilities:AccountPayable
  referenceNo: "90"
  orderId: "7761c644-e672-4c6a-ac59-80cfdb9af8e6"
  type: "Bill"
  sourceId: "7761c644-e672-4c6a-ac59-80cfdb9af8e6"
  contact: "880 806 () [53b8789a-4451-4a1f-84f7-a9c5da7ada1a]"
2023-07-12 * "Bill #311 Bank Fee"
  referenceNo: "311"
  orderId: "f8b12385-0928-401b-9b6d-d8a406a74987"
  type: "Bill"
  Expenses:GeneralExpense:BankFeesExpense 5.00 HKD
  qty: "1"
  description: "Bank Fee"
  referenceNo: "311"
  orderId: "f8b12385-0928-401b-9b6d-d8a406a74987"
  type: "Bill Item"
  sourceId: "c0ee83a5-b984-4a29-a35e-77c8199fe3f5"
  Liabilities:CurrentLiabilities:AccountPayable
  referenceNo: "311"
  orderId: "f8b12385-0928-401b-9b6d-d8a406a74987"
  type: "Bill"
  sourceId: "f8b12385-0928-401b-9b6d-d8a406a74987"
  contact: "880 806 () [53b8789a-4451-4a1f-84f7-a9c5da7ada1a]"
2023-07-12 * "Bill #543 kpay071"
  referenceNo: "543"
  orderId: "b87735dd-e2ef-423d-8a50-6534d8023eb2"
  type: "Bill"
  Expenses:GeneralExpense:CardFeeExpense 448.00 HKD
  qty: "1"
  description: "29800-29352=448"
  referenceNo: "543"
  orderId: "b87735dd-e2ef-423d-8a50-6534d8023eb2"
  type: "Bill Item"
  sourceId: "e584e0db-6cf4-436a-b7a7-6b32a9eefcf8"
  Liabilities:CurrentLiabilities:AccountPayable
  referenceNo: "543"
  orderId: "b87735dd-e2ef-423d-8a50-6534d8023eb2"
  type: "Bill"
  sourceId: "b87735dd-e2ef-423d-8a50-6534d8023eb2"
  contact: "998 12345821 (KPAY) [5a706f32-7edc-48d8-ae47-62fee1e8bba1]"
2023-07-12 * "Bill #156 PayDollar Setup Fee and Service Fee (1 year)"
  referenceNo: "156"
  orderId: "04113b4c-3695-4d80-adea-5e3b45746e99"
  type: "Bill"
  Expenses:GeneralExpense:BankFeesExpense 3000.00 HKD
  qty: "1"
  description: "PayDollar Service Fee (250/mth X 12mos)"
  referenceNo: "156"
  orderId: "04113b4c-3695-4d80-adea-5e3b45746e99"
  type: "Bill Item"
  sourceId: "e44d5ac9-7afe-44df-82ad-84769e6e11ec"
  Expenses:GeneralExpense:BankFeesExpense 3000.00 HKD
  qty: "1"
  description: "PayDollar Setup Fee"
  referenceNo: "156"
  orderId: "04113b4c-3695-4d80-adea-5e3b45746e99"
  type: "Bill Item"
  sourceId: "91a8c479-024d-40df-8500-c270858a80f8"
  Liabilities:CurrentLiabilities:AccountPayable
  referenceNo: "156"
  orderId: "04113b4c-3695-4d80-adea-5e3b45746e99"
  type: "Bill"
  sourceId: "04113b4c-3695-4d80-adea-5e3b45746e99"
  contact: "880 806 () [53b8789a-4451-4a1f-84f7-a9c5da7ada1a]"
2023-07-12 * "Bill #411 kpay070"
  referenceNo: "411"
  orderId: "d668e741-5224-48c7-8bf1-a2f6d281cf6c"
  type: "Bill"
  Expenses:GeneralExpense:CardFeeExpense 335.02 HKD
  qty: "1"
  description: "14146-13810.98 = 335.02"
  referenceNo: "411"
  orderId: "d668e741-5224-48c7-8bf1-a2f6d281cf6c"
  type: "Bill Item"
  sourceId: "e716ce19-3465-4962-b8bf-1cecd636fc83"
  Liabilities:CurrentLiabilities:AccountPayable
  referenceNo: "411"
  orderId: "d668e741-5224-48c7-8bf1-a2f6d281cf6c"
  type: "Bill"
  sourceId: "d668e741-5224-48c7-8bf1-a2f6d281cf6c"
  contact: "998 12345821 (KPAY) [5a706f32-7edc-48d8-ae47-62fee1e8bba1]"
2023-07-12 * "880 806 () [53b8789a-4451-4a1f-84f7-a9c5da7ada1a]" "Bill Payment for Bill #90 #b925dd4b-95a8-474d-830d-2ec8c00de24e"
  Liabilities:CurrentLiabilities:AccountPayable 410.00 HKD
  contact: "880 806 () [53b8789a-4451-4a1f-84f7-a9c5da7ada1a]"
  type: "Bill Payment"
  sourceId: "b925dd4b-95a8-474d-830d-2ec8c00de24e"
  referenceNo: "90"
  orderId: "7761c644-e672-4c6a-ac59-80cfdb9af8e6"
  Assets:CurrentAssets:Bank:BocSavingBank -410.00 HKD
  type: "Bill Payment"
  sourceId: "b925dd4b-95a8-474d-830d-2ec8c00de24e"
  referenceNo: "90"
  orderId: "7761c644-e672-4c6a-ac59-80cfdb9af8e6"
2023-07-12 * "880 806 () [53b8789a-4451-4a1f-84f7-a9c5da7ada1a]" "Bill Payment for Bill #156 #9d5230d1-3b70-41ef-87f7-2b6fcd9fe7a4"
  Liabilities:CurrentLiabilities:AccountPayable 6000.00 HKD
  contact: "880 806 () [53b8789a-4451-4a1f-84f7-a9c5da7ada1a]"
  type: "Bill Payment"
  sourceId: "9d5230d1-3b70-41ef-87f7-2b6fcd9fe7a4"
  referenceNo: "156"
  orderId: "04113b4c-3695-4d80-adea-5e3b45746e99"
  Assets:CurrentAssets:Bank:BocSavingBank -6000.00 HKD
  type: "Bill Payment"
  sourceId: "9d5230d1-3b70-41ef-87f7-2b6fcd9fe7a4"
  referenceNo: "156"
  orderId: "04113b4c-3695-4d80-adea-5e3b45746e99"
2023-07-12 * "880 806 () [53b8789a-4451-4a1f-84f7-a9c5da7ada1a]" "Bill Payment for Bill #311 #ffa2ce69-5d48-4f5b-8eb6-32945c9844d1"
  Liabilities:CurrentLiabilities:AccountPayable 5.00 HKD
  contact: "880 806 () [53b8789a-4451-4a1f-84f7-a9c5da7ada1a]"
  type: "Bill Payment"
  sourceId: "ffa2ce69-5d48-4f5b-8eb6-32945c9844d1"
  referenceNo: "311"
  orderId: "f8b12385-0928-401b-9b6d-d8a406a74987"
  Assets:CurrentAssets:Bank:BocSavingBank -5.00 HKD
  type: "Bill Payment"
  sourceId: "ffa2ce69-5d48-4f5b-8eb6-32945c9844d1"
  referenceNo: "311"
  orderId: "f8b12385-0928-401b-9b6d-d8a406a74987"
2023-07-12 * "998 12345821 (KPAY) [5a706f32-7edc-48d8-ae47-62fee1e8bba1]" "Bill Payment for Bill #411 #2c3c5894-aa5a-4512-a606-c3b878be12f8"
  Liabilities:CurrentLiabilities:AccountPayable 335.02 HKD
  contact: "998 12345821 (KPAY) [5a706f32-7edc-48d8-ae47-62fee1e8bba1]"
  type: "Bill Payment"
  sourceId: "2c3c5894-aa5a-4512-a606-c3b878be12f8"
  referenceNo: "411"
  orderId: "d668e741-5224-48c7-8bf1-a2f6d281cf6c"
  Assets:CurrentAssets:Bank:KpayBank -335.02 HKD
  type: "Bill Payment"
  sourceId: "2c3c5894-aa5a-4512-a606-c3b878be12f8"
  referenceNo: "411"
  orderId: "d668e741-5224-48c7-8bf1-a2f6d281cf6c"
2023-07-12 * "998 12345821 (KPAY) [5a706f32-7edc-48d8-ae47-62fee1e8bba1]" "Bill Payment for Bill #543 #3dbc6538-97f3-4044-94b9-2363f81ebedf"
  Liabilities:CurrentLiabilities:AccountPayable 448.00 HKD
  contact: "998 12345821 (KPAY) [5a706f32-7edc-48d8-ae47-62fee1e8bba1]"
  type: "Bill Payment"
  sourceId: "3dbc6538-97f3-4044-94b9-2363f81ebedf"
  referenceNo: "543"
  orderId: "b87735dd-e2ef-423d-8a50-6534d8023eb2"
  Assets:CurrentAssets:Bank:KpayBank -448.00 HKD
  type: "Bill Payment"
  sourceId: "3dbc6538-97f3-4044-94b9-2363f81ebedf"
  referenceNo: "543"
  orderId: "b87735dd-e2ef-423d-8a50-6534d8023eb2"
2023-07-12 * "Invoice #15 AA39256"
  Income:Sales:SalesItem:SellGoldJewelry -21774.00 HKD
  category: "Gold Jewelry"
  sku: "DDFF23071204000000000001"
  qty: 1
  referenceNo: "15"
  orderId: "1f398de7-3f7a-40c7-9140-9612573bc5ab"
  type: "Invoice Item"
  sourceId: "9cea9eb1-9b19-45f8-80dd-57949d4ccd27"
  Assets:CurrentAssets:AccountReceivable
  referenceNo: "15"
  orderId: "1f398de7-3f7a-40c7-9140-9612573bc5ab"
  type: "Invoice"
  sourceId: "1f398de7-3f7a-40c7-9140-9612573bc5ab"
  contact: "998 12345825 (MS.KOK) [f6bb1a3d-0d21-4939-8dd0-11ecd2473006]"
2023-07-12 * "Assets:CurrentAssets:Bank:KpayBank" "Invoice Payment for Invoice #15 #5c5e787f-0865-45db-b21f-0f4bf6b1ed61"
  Assets:CurrentAssets:Bank:KpayBank 21774.00 HKD
  type: "Invoice Payment"
  sourceId: "5c5e787f-0865-45db-b21f-0f4bf6b1ed61"
  referenceNo: "15"
  orderId: "1f398de7-3f7a-40c7-9140-9612573bc5ab"
  Assets:CurrentAssets:AccountReceivable -21774.00 HKD
  type: "Invoice Payment"
  sourceId: "5c5e787f-0865-45db-b21f-0f4bf6b1ed61"
  referenceNo: "15"
  orderId: "1f398de7-3f7a-40c7-9140-9612573bc5ab"
  contact: "998 12345825 (MS.KOK) [f6bb1a3d-0d21-4939-8dd0-11ecd2473006]"
2023-07-13 * "Bill #683 MIDJOURNEY INC."
  referenceNo: "683"
  orderId: "210b93c0-949d-4d90-a4f0-657fcfb1bd54"
  type: "Bill"
  Expenses:GeneralExpense:WebErpDev 239.54 HKD
  qty: "1"
  description: "MIDJOURNEY INC. HTTPSWWW.MIDJ CA"
  referenceNo: "683"
  orderId: "210b93c0-949d-4d90-a4f0-657fcfb1bd54"
  type: "Bill Item"
  sourceId: "0edd6ecc-8184-4e1a-81c1-e5edeab55833"
  Liabilities:CurrentLiabilities:AccountPayable
  referenceNo: "683"
  orderId: "210b93c0-949d-4d90-a4f0-657fcfb1bd54"
  type: "Bill"
  sourceId: "210b93c0-949d-4d90-a4f0-657fcfb1bd54"
  contact: "880 806 () [53b8789a-4451-4a1f-84f7-a9c5da7ada1a]"
2023-07-13 * "880 806 () [53b8789a-4451-4a1f-84f7-a9c5da7ada1a]" "Bill Payment for Bill #683 #530d88cc-6981-4141-961a-19cf5a9f8921"
  Liabilities:CurrentLiabilities:AccountPayable 239.54 HKD
  contact: "880 806 () [53b8789a-4451-4a1f-84f7-a9c5da7ada1a]"
  type: "Bill Payment"
  sourceId: "530d88cc-6981-4141-961a-19cf5a9f8921"
  referenceNo: "683"
  orderId: "210b93c0-949d-4d90-a4f0-657fcfb1bd54"
  Assets:CurrentAssets:Bank:BocVisaCard-DavidBank -239.54 HKD
  type: "Bill Payment"
  sourceId: "530d88cc-6981-4141-961a-19cf5a9f8921"
  referenceNo: "683"
  orderId: "210b93c0-949d-4d90-a4f0-657fcfb1bd54"
2023-07-14 * "Bill #684 FACEBK *JSU69S32N2"
  referenceNo: "684"
  orderId: "56fb7f7b-af15-4cdd-98c6-bc47326ffa04"
  type: "Bill"
  Expenses:GeneralExpense:AdvertisingAndBranding 4490.50 HKD
  qty: "1"
  description: "FACEBK *JSU69S32N2"
  referenceNo: "684"
  orderId: "56fb7f7b-af15-4cdd-98c6-bc47326ffa04"
  type: "Bill Item"
  sourceId: "b25ceed1-1aff-4be6-8777-25c1be88cee9"
  Liabilities:CurrentLiabilities:AccountPayable
  referenceNo: "684"
  orderId: "56fb7f7b-af15-4cdd-98c6-bc47326ffa04"
  type: "Bill"
  sourceId: "56fb7f7b-af15-4cdd-98c6-bc47326ffa04"
  contact: "880 806 () [53b8789a-4451-4a1f-84f7-a9c5da7ada1a]"
2023-07-14 * "Bill #602 kpay072"
  referenceNo: "602"
  orderId: "da339d34-1519-4ed5-bb41-661ac60df9de"
  type: "Bill"
  Expenses:GeneralExpense:CardFeeExpense 103.60 HKD
  qty: "1"
  description: "6840-6736.4= 103.6"
  referenceNo: "602"
  orderId: "da339d34-1519-4ed5-bb41-661ac60df9de"
  type: "Bill Item"
  sourceId: "01b19521-4b83-41db-8c37-0aae883c3862"
  Liabilities:CurrentLiabilities:AccountPayable
  referenceNo: "602"
  orderId: "da339d34-1519-4ed5-bb41-661ac60df9de"
  type: "Bill"
  sourceId: "da339d34-1519-4ed5-bb41-661ac60df9de"
  contact: "998 12345821 (KPAY) [5a706f32-7edc-48d8-ae47-62fee1e8bba1]"
2023-07-14 * "Bill #685 OVERSEA TRANSACTION FEE (VISA)"
  referenceNo: "685"
  orderId: "4f689961-7d59-4a99-a176-5046dc2740ac"
  type: "Bill"
  Expenses:GeneralExpense:GeneralExpensesDirect 35.92 HKD
  qty: "1"
  description: "OVERSEA TRANSACTION FEE (VISA)"
  referenceNo: "685"
  orderId: "4f689961-7d59-4a99-a176-5046dc2740ac"
  type: "Bill Item"
  sourceId: "d100e578-fbe5-4944-9a61-6d193031f582"
  Liabilities:CurrentLiabilities:AccountPayable
  referenceNo: "685"
  orderId: "4f689961-7d59-4a99-a176-5046dc2740ac"
  type: "Bill"
  sourceId: "4f689961-7d59-4a99-a176-5046dc2740ac"
  contact: "880 806 () [53b8789a-4451-4a1f-84f7-a9c5da7ada1a]"
2023-07-14 * "Bill #840 23年7月 雜費"
  referenceNo: "840"
  orderId: "0d334af5-b688-4139-8ebb-40f19d65fda3"
  type: "Bill"
  Expenses:GeneralExpense:TransportationAndCourier 18.00 HKD
  qty: "1"
  description: "輻射幾牌照申請運費"
  referenceNo: "840"
  orderId: "0d334af5-b688-4139-8ebb-40f19d65fda3"
  type: "Bill Item"
  sourceId: "57e290ab-eb6b-445e-886b-dd6009694da7"
  Expenses:GeneralExpense:OfficeExpenses 170.00 HKD
  qty: "1"
  description: "洗枱布"
  referenceNo: "840"
  orderId: "0d334af5-b688-4139-8ebb-40f19d65fda3"
  type: "Bill Item"
  sourceId: "42564035-06a8-49f8-bb38-a175d372e554"
  Expenses:GeneralExpense:GeneralExpensesDirect 456.00 HKD
  qty: "1"
  description: "G17 用品"
  referenceNo: "840"
  orderId: "0d334af5-b688-4139-8ebb-40f19d65fda3"
  type: "Bill Item"
  sourceId: "192d736b-d85c-42be-90a1-d90933121374"
  Expenses:GeneralExpense:GeneralExpensesDirect 882.00 HKD
  qty: "1"
  description: " G17 1/7 雜項開支"
  referenceNo: "840"
  orderId: "0d334af5-b688-4139-8ebb-40f19d65fda3"
  type: "Bill Item"
  sourceId: "78b288e5-fffe-4184-b862-fa18bb4d1335"
  Expenses:GeneralExpense:GeneralExpensesDirect 500.00 HKD
  qty: "1"
  description: "G17 管理處清潔費"
  referenceNo: "840"
  orderId: "0d334af5-b688-4139-8ebb-40f19d65fda3"
  type: "Bill Item"
  sourceId: "f3ad7d27-680b-41c8-8241-e767621ea7c5"
  Liabilities:CurrentLiabilities:AccountPayable
  referenceNo: "840"
  orderId: "0d334af5-b688-4139-8ebb-40f19d65fda3"
  type: "Bill"
  sourceId: "0d334af5-b688-4139-8ebb-40f19d65fda3"
  contact: "880 806 () [53b8789a-4451-4a1f-84f7-a9c5da7ada1a]"
2023-07-14 * "880 806 () [53b8789a-4451-4a1f-84f7-a9c5da7ada1a]" "Bill Payment for Bill #840 #04c755b2-f425-48df-b5a0-b22db54207ba"
  Liabilities:CurrentLiabilities:AccountPayable 18.00 HKD
  contact: "880 806 () [53b8789a-4451-4a1f-84f7-a9c5da7ada1a]"
  type: "Bill Payment"
  sourceId: "04c755b2-f425-48df-b5a0-b22db54207ba"
  referenceNo: "840"
  orderId: "0d334af5-b688-4139-8ebb-40f19d65fda3"
  Liabilities:CurrentLiabilities:CurrentAccount:C-a-MilrichElectronicsHkCoLtd -18.00 HKD
  type: "Bill Payment"
  sourceId: "04c755b2-f425-48df-b5a0-b22db54207ba"
  referenceNo: "840"
  orderId: "0d334af5-b688-4139-8ebb-40f19d65fda3"
2023-07-14 * "880 806 () [53b8789a-4451-4a1f-84f7-a9c5da7ada1a]" "Bill Payment for Bill #684 #78902fe4-78a6-4a09-aea1-0f16891d4f6e"
  Liabilities:CurrentLiabilities:AccountPayable 4490.50 HKD
  contact: "880 806 () [53b8789a-4451-4a1f-84f7-a9c5da7ada1a]"
  type: "Bill Payment"
  sourceId: "78902fe4-78a6-4a09-aea1-0f16891d4f6e"
  referenceNo: "684"
  orderId: "56fb7f7b-af15-4cdd-98c6-bc47326ffa04"
  Assets:CurrentAssets:Bank:BocVisaCard-DavidBank -4490.50 HKD
  type: "Bill Payment"
  sourceId: "78902fe4-78a6-4a09-aea1-0f16891d4f6e"
  referenceNo: "684"
  orderId: "56fb7f7b-af15-4cdd-98c6-bc47326ffa04"
2023-07-14 * "880 806 () [53b8789a-4451-4a1f-84f7-a9c5da7ada1a]" "Bill Payment for Bill #685 #f4dd9e49-0cc7-49c8-8c45-07633cae1eda"
  Liabilities:CurrentLiabilities:AccountPayable 35.92 HKD
  contact: "880 806 () [53b8789a-4451-4a1f-84f7-a9c5da7ada1a]"
  type: "Bill Payment"
  sourceId: "f4dd9e49-0cc7-49c8-8c45-07633cae1eda"
  referenceNo: "685"
  orderId: "4f689961-7d59-4a99-a176-5046dc2740ac"
  Assets:CurrentAssets:Bank:BocVisaCard-DavidBank -35.92 HKD
  type: "Bill Payment"
  sourceId: "f4dd9e49-0cc7-49c8-8c45-07633cae1eda"
  referenceNo: "685"
  orderId: "4f689961-7d59-4a99-a176-5046dc2740ac"
2023-07-16 * "Bill #682 GENERAL EXP - 7.8-16"
  referenceNo: "682"
  orderId: "3acdb6a3-9df9-4781-829e-fbe943d3058b"
  type: "Bill"
  Expenses:GeneralExpense:GeneralExpensesDirect 129.13 HKD
  qty: "1"
  description: "淘寶集運"
  referenceNo: "682"
  orderId: "3acdb6a3-9df9-4781-829e-fbe943d3058b"
  type: "Bill Item"
  sourceId: "e66838c2-1c64-4323-93f9-f4704cae45f9"
  Expenses:GeneralExpense:GeneralExpensesDirect 7.24 HKD
  qty: "1"
  description: "卡西欧IR-40T色带"
  referenceNo: "682"
  orderId: "3acdb6a3-9df9-4781-829e-fbe943d3058b"
  type: "Bill Item"
  sourceId: "5f58d69a-c0d3-4af0-accb-193f9acba4ea"
  Expenses:GeneralExpense:GeneralExpensesDirect 69.31 HKD
  qty: "1"
  description: "黑色遮光胶带"
  referenceNo: "682"
  orderId: "3acdb6a3-9df9-4781-829e-fbe943d3058b"
  type: "Bill Item"
  sourceId: "6a8ac3b5-2153-486a-9719-992d9ab54d02"
  Expenses:GeneralExpense:GeneralExpensesDirect 48.51 HKD
  qty: "1"
  description: "A4透明文件袋"
  referenceNo: "682"
  orderId: "3acdb6a3-9df9-4781-829e-fbe943d3058b"
  type: "Bill Item"
  sourceId: "1dd6922e-b15e-4d57-85cf-dfbf4e595fc9"
  Expenses:GeneralExpense:GeneralExpensesDirect 241.64 HKD
  qty: "1"
  description: "淘寶集運"
  referenceNo: "682"
  orderId: "3acdb6a3-9df9-4781-829e-fbe943d3058b"
  type: "Bill Item"
  sourceId: "02010bc8-9a16-405c-bd6f-b4dff0c44ce1"
  Liabilities:CurrentLiabilities:AccountPayable
  referenceNo: "682"
  orderId: "3acdb6a3-9df9-4781-829e-fbe943d3058b"
  type: "Bill"
  sourceId: "3acdb6a3-9df9-4781-829e-fbe943d3058b"
  contact: "880 806 () [53b8789a-4451-4a1f-84f7-a9c5da7ada1a]"
2023-07-16 * "880 806 () [53b8789a-4451-4a1f-84f7-a9c5da7ada1a]" "Bill Payment for Bill #682 #3bb9835d-de4a-45f8-90d1-ca755e378a04"
  Liabilities:CurrentLiabilities:AccountPayable 495.83 HKD
  contact: "880 806 () [53b8789a-4451-4a1f-84f7-a9c5da7ada1a]"
  type: "Bill Payment"
  sourceId: "3bb9835d-de4a-45f8-90d1-ca755e378a04"
  referenceNo: "682"
  orderId: "3acdb6a3-9df9-4781-829e-fbe943d3058b"
  Assets:CurrentAssets:Bank:BocVisaCard-DavidBank -495.83 HKD
  type: "Bill Payment"
  sourceId: "3bb9835d-de4a-45f8-90d1-ca755e378a04"
  referenceNo: "682"
  orderId: "3acdb6a3-9df9-4781-829e-fbe943d3058b"
2023-07-16 * "Invoice #41 "
  Income:Sales:SalesItem:SellGoldJewelry -4400.00 HKD
  category: "Gold Jewelry"
  sku: "DDFF23051707000000000008"
  qty: 1
  referenceNo: "41"
  orderId: "38de9a17-020f-4961-9ceb-d9bfcdd11d52"
  type: "Invoice Item"
  sourceId: "218d4226-ac9b-4e88-a928-54ec761be711"
  Assets:CurrentAssets:AccountReceivable
  referenceNo: "41"
  orderId: "38de9a17-020f-4961-9ceb-d9bfcdd11d52"
  type: "Invoice"
  sourceId: "38de9a17-020f-4961-9ceb-d9bfcdd11d52"
  contact: "852 59896434 (MR.MUSABEER) [b9815f33-6b05-4c38-a534-4806e6533b32]"
2023-07-16 * "Assets:CurrentAssets:Bank:KpayBank" "Invoice Payment for Invoice #41 #52e8e762-1f2a-4a7f-b096-cc5a9caa133a"
  Assets:CurrentAssets:Bank:KpayBank 4400.00 HKD
  type: "Invoice Payment"
  sourceId: "52e8e762-1f2a-4a7f-b096-cc5a9caa133a"
  referenceNo: "41"
  orderId: "38de9a17-020f-4961-9ceb-d9bfcdd11d52"
  Assets:CurrentAssets:AccountReceivable -4400.00 HKD
  type: "Invoice Payment"
  sourceId: "52e8e762-1f2a-4a7f-b096-cc5a9caa133a"
  referenceNo: "41"
  orderId: "38de9a17-020f-4961-9ceb-d9bfcdd11d52"
  contact: "852 59896434 (MR.MUSABEER) [b9815f33-6b05-4c38-a534-4806e6533b32]"
2023-07-17 * "880 806 () [53b8789a-4451-4a1f-84f7-a9c5da7ada1a]" "Bill Payment for Bill #703 #e0d7939f-fdab-4263-b27e-d5ffe54a3a5b"
  Liabilities:CurrentLiabilities:AccountPayable 279.04 HKD
  contact: "880 806 () [53b8789a-4451-4a1f-84f7-a9c5da7ada1a]"
  type: "Bill Payment"
  sourceId: "e0d7939f-fdab-4263-b27e-d5ffe54a3a5b"
  referenceNo: "703"
  orderId: "9b317f1d-e21d-4618-9534-c5f33ed7e95e"
  Liabilities:CurrentLiabilities:CurrentAccount:C-a-MilrichElectronicsHkCoLtd -279.04 HKD
  type: "Bill Payment"
  sourceId: "e0d7939f-fdab-4263-b27e-d5ffe54a3a5b"
  referenceNo: "703"
  orderId: "9b317f1d-e21d-4618-9534-c5f33ed7e95e"
2023-07-18 * "Bill #697 INV#321訂貨"
  referenceNo: "697"
  orderId: "8042d120-c4fa-4c7e-bca7-f9e36c2e9082"
  type: "Bill"
  Expenses:CostOfSales:Purchase:PurchaseItem:Buy18kJewelry 1480.00 CNY
  category: "Ring Setting"
  sku: "BESPOKE00005"
  qty: 1
  referenceNo: "697"
  orderId: "8042d120-c4fa-4c7e-bca7-f9e36c2e9082"
  type: "Bill Item"
  sourceId: "0def4eea-a273-469f-8d9a-621c60fefe0e"
  Liabilities:CurrentLiabilities:AccountPayable
  referenceNo: "697"
  orderId: "8042d120-c4fa-4c7e-bca7-f9e36c2e9082"
  type: "Bill"
  sourceId: "8042d120-c4fa-4c7e-bca7-f9e36c2e9082"
  contact: "998 12345841 (俊景珠寶有限公司) [7de5c35d-22af-47a5-bb17-87d474352f46]"
2023-07-18 * "Bill #822 DKK 裝修設計app (23年7月)"
  referenceNo: "822"
  orderId: "2ea605a9-b7d6-4551-9ed1-961745ac6dde"
  type: "Bill"
  Expenses:GeneralExpense:Subscriptions 118.00 HKD
  qty: "1"
  description: "DKK 裝修設計app  (23年7月)"
  referenceNo: "822"
  orderId: "2ea605a9-b7d6-4551-9ed1-961745ac6dde"
  type: "Bill Item"
  sourceId: "9cf4f670-8686-4abb-a9e1-5a9cfdfb116d"
  Liabilities:CurrentLiabilities:AccountPayable
  referenceNo: "822"
  orderId: "2ea605a9-b7d6-4551-9ed1-961745ac6dde"
  type: "Bill"
  sourceId: "2ea605a9-b7d6-4551-9ed1-961745ac6dde"
  contact: "880 806 () [53b8789a-4451-4a1f-84f7-a9c5da7ada1a]"
2023-07-18 * "Bill #823 DKK 網頁支援 (台灣外判)"
  referenceNo: "823"
  orderId: "be09219e-9bc0-4edc-9e77-4267d01140a3"
  type: "Bill"
  Expenses:GeneralExpense:WebErpDev 535.00 HKD
  qty: "1"
  description: "DKK 網頁支援 (台灣外判)"
  referenceNo: "823"
  orderId: "be09219e-9bc0-4edc-9e77-4267d01140a3"
  type: "Bill Item"
  sourceId: "2353d34a-8fb0-4789-a2ed-059565385fef"
  Expenses:GeneralExpense:WebErpDev 279.00 HKD
  qty: "1"
  description: "DKK 網頁支援 (台灣外判)"
  referenceNo: "823"
  orderId: "be09219e-9bc0-4edc-9e77-4267d01140a3"
  type: "Bill Item"
  sourceId: "61da2ff2-44af-4ae9-9609-4da11319b5d2"
  Liabilities:CurrentLiabilities:AccountPayable
  referenceNo: "823"
  orderId: "be09219e-9bc0-4edc-9e77-4267d01140a3"
  type: "Bill"
  sourceId: "be09219e-9bc0-4edc-9e77-4267d01140a3"
  contact: "880 806 () [53b8789a-4451-4a1f-84f7-a9c5da7ada1a]"
2023-07-18 * "880 806 () [53b8789a-4451-4a1f-84f7-a9c5da7ada1a]" "Bill Payment for Bill #823 #7eaa1b52-f9a6-47bb-a9d0-eb69489a02aa"
  Liabilities:CurrentLiabilities:AccountPayable 814.00 HKD
  contact: "880 806 () [53b8789a-4451-4a1f-84f7-a9c5da7ada1a]"
  type: "Bill Payment"
  sourceId: "7eaa1b52-f9a6-47bb-a9d0-eb69489a02aa"
  referenceNo: "823"
  orderId: "be09219e-9bc0-4edc-9e77-4267d01140a3"
  Liabilities:CurrentLiabilities:CurrentAccount:C-a-MilrichElectronicsHkCoLtd -814.00 HKD
  type: "Bill Payment"
  sourceId: "7eaa1b52-f9a6-47bb-a9d0-eb69489a02aa"
  referenceNo: "823"
  orderId: "be09219e-9bc0-4edc-9e77-4267d01140a3"
2023-07-18 * "Invoice #16 "
  Income:Sales:SalesItem:SellGoldJewelry -3322.00 HKD
  category: "Gold Jewelry"
  sku: "DDFF23051704000000000004"
  qty: 1
  referenceNo: "16"
  orderId: "a683dacc-224c-461a-98cc-ce95d59d0035"
  type: "Invoice Item"
  sourceId: "3d6645ed-7128-4c9b-a0ba-64f2a91dfb72"
  Assets:CurrentAssets:AccountReceivable
  referenceNo: "16"
  orderId: "a683dacc-224c-461a-98cc-ce95d59d0035"
  type: "Invoice"
  sourceId: "a683dacc-224c-461a-98cc-ce95d59d0035"
  contact: "880 802 (Walkin) [42348712-7daa-4c29-93b7-756b472429a4]"
2023-07-18 * "Invoice #51 AA39257"
  Income:Sales:SalesItem:Sell18kJewelry -2800.00 HKD
  category: "Ring Setting"
  sku: "BESPOKE00005"
  qty: 1
  referenceNo: "51"
  orderId: "4fe150d9-7624-41c0-af2e-892e919e2297"
  type: "Invoice Item"
  sourceId: "d530c223-b603-4636-a6a3-271307d75c7f"
  Assets:CurrentAssets:AccountReceivable
  referenceNo: "51"
  orderId: "4fe150d9-7624-41c0-af2e-892e919e2297"
  type: "Invoice"
  sourceId: "4fe150d9-7624-41c0-af2e-892e919e2297"
  contact: "852 98790305 (MR.MAKJARED) [6c8721c3-9954-4236-bdc7-4eb254bcd0ae]"
2023-07-18 * "Assets:CurrentAssets:Bank:KpayBank" "Invoice Payment for Invoice #16 #d079e8d6-43a5-4b8d-9691-8347b55d4cd9"
  Assets:CurrentAssets:Bank:KpayBank 3322.00 HKD
  type: "Invoice Payment"
  sourceId: "d079e8d6-43a5-4b8d-9691-8347b55d4cd9"
  referenceNo: "16"
  orderId: "a683dacc-224c-461a-98cc-ce95d59d0035"
  Assets:CurrentAssets:AccountReceivable -3322.00 HKD
  type: "Invoice Payment"
  sourceId: "d079e8d6-43a5-4b8d-9691-8347b55d4cd9"
  referenceNo: "16"
  orderId: "a683dacc-224c-461a-98cc-ce95d59d0035"
  contact: "880 802 (Walkin) [42348712-7daa-4c29-93b7-756b472429a4]"
2023-07-18 * "Assets:CurrentAssets:Bank:KpayBank" "Invoice Payment for Invoice #51 #074fbc6a-58e7-4d74-b5f7-e508b1c2aa80"
  Assets:CurrentAssets:Bank:KpayBank 2800.00 HKD
  type: "Invoice Payment"
  sourceId: "074fbc6a-58e7-4d74-b5f7-e508b1c2aa80"
  referenceNo: "51"
  orderId: "4fe150d9-7624-41c0-af2e-892e919e2297"
  Assets:CurrentAssets:AccountReceivable -2800.00 HKD
  type: "Invoice Payment"
  sourceId: "074fbc6a-58e7-4d74-b5f7-e508b1c2aa80"
  referenceNo: "51"
  orderId: "4fe150d9-7624-41c0-af2e-892e919e2297"
  contact: "852 98790305 (MR.MAKJARED) [6c8721c3-9954-4236-bdc7-4eb254bcd0ae]"
2023-07-18 * "Bill #605 kpay073"
  referenceNo: "605"
  orderId: "cbfe957c-ca73-4637-beb1-4b01ebdd79b0"
  type: "Bill"
  Expenses:GeneralExpense:CardFeeExpense 327.61 HKD
  qty: "1"
  description: "21774-21446.39=327.61"
  referenceNo: "605"
  orderId: "cbfe957c-ca73-4637-beb1-4b01ebdd79b0"
  type: "Bill Item"
  sourceId: "ced36f1d-575f-4022-9113-460c65fc7137"
  Liabilities:CurrentLiabilities:AccountPayable
  referenceNo: "605"
  orderId: "cbfe957c-ca73-4637-beb1-4b01ebdd79b0"
  type: "Bill"
  sourceId: "cbfe957c-ca73-4637-beb1-4b01ebdd79b0"
  contact: "998 12345821 (KPAY) [5a706f32-7edc-48d8-ae47-62fee1e8bba1]"
2023-07-18 * "998 12345821 (KPAY) [5a706f32-7edc-48d8-ae47-62fee1e8bba1]" "Bill Payment for Bill #602 #eaad032c-0f14-4231-a82d-4eb0639beeef"
  Liabilities:CurrentLiabilities:AccountPayable 103.60 HKD
  contact: "998 12345821 (KPAY) [5a706f32-7edc-48d8-ae47-62fee1e8bba1]"
  type: "Bill Payment"
  sourceId: "eaad032c-0f14-4231-a82d-4eb0639beeef"
  referenceNo: "602"
  orderId: "da339d34-1519-4ed5-bb41-661ac60df9de"
  Assets:CurrentAssets:Bank:KpayBank -103.60 HKD
  type: "Bill Payment"
  sourceId: "eaad032c-0f14-4231-a82d-4eb0639beeef"
  referenceNo: "602"
  orderId: "da339d34-1519-4ed5-bb41-661ac60df9de"
2023-07-18 * "998 12345821 (KPAY) [5a706f32-7edc-48d8-ae47-62fee1e8bba1]" "Bill Payment for Bill #605 #0530f2a9-bdad-4190-a310-42108ae10499"
  Liabilities:CurrentLiabilities:AccountPayable 327.61 HKD
  contact: "998 12345821 (KPAY) [5a706f32-7edc-48d8-ae47-62fee1e8bba1]"
  type: "Bill Payment"
  sourceId: "0530f2a9-bdad-4190-a310-42108ae10499"
  referenceNo: "605"
  orderId: "cbfe957c-ca73-4637-beb1-4b01ebdd79b0"
  Assets:CurrentAssets:Bank:KpayBank -327.61 HKD
  type: "Bill Payment"
  sourceId: "0530f2a9-bdad-4190-a310-42108ae10499"
  referenceNo: "605"
  orderId: "cbfe957c-ca73-4637-beb1-4b01ebdd79b0"
2023-07-19 * "Assets:CurrentAssets:TradeDeposit:TradeDeposit-SkyhighHoldingsGroupLtd" "Invoice Payment for Invoice #206 #f3e7a4fc-4d83-4505-9c6c-e2fb7adfee57"
  Assets:CurrentAssets:TradeDeposit:TradeDeposit-SkyhighHoldingsGroupLtd 9697.00 HKD
  type: "Invoice Payment"
  sourceId: "f3e7a4fc-4d83-4505-9c6c-e2fb7adfee57"
  referenceNo: "206"
  orderId: "a1e9af2b-216b-4cf8-a3ef-47580000ec4a"
  Assets:CurrentAssets:AccountReceivable -9697.00 HKD
  type: "Invoice Payment"
  sourceId: "f3e7a4fc-4d83-4505-9c6c-e2fb7adfee57"
  referenceNo: "206"
  orderId: "a1e9af2b-216b-4cf8-a3ef-47580000ec4a"
  contact: "998 12345767 (SkyHighHoldingsGroupLtd) [efdca012-5d6e-4361-8ec7-f5566615d58a]"
2023-07-19 * "Expenses:OtherExpenses:LostOrDamagedGoods" "Invoice Payment for Invoice #129 #fe85084c-7f45-44a5-99fa-18af7d03fe13"
  Expenses:OtherExpenses:LostOrDamagedGoods 3080.00 HKD
  type: "Invoice Payment"
  sourceId: "fe85084c-7f45-44a5-99fa-18af7d03fe13"
  referenceNo: "129"
  orderId: "c07908e1-1307-48a1-9b8e-5ee21d8e5eef"
  Assets:CurrentAssets:AccountReceivable -3080.00 HKD
  type: "Invoice Payment"
  sourceId: "fe85084c-7f45-44a5-99fa-18af7d03fe13"
  referenceNo: "129"
  orderId: "c07908e1-1307-48a1-9b8e-5ee21d8e5eef"
  contact: "998 0000000001 (BadDebt/otheradjustment) [aa36b528-fbf4-4676-93f7-6aaafc481df7]"
2023-07-19 * "Invoice #129 ✱ MISSING & REPAIR CHAIN (已遺失)"
  Assets:CurrentAssets:ShopInventory:Jewelry -1500.00 HKD
  category: "Jewelry"
  sku: "DDFFFFFF0700000000000011"
  qty: 1
  referenceNo: "129"
  orderId: "c07908e1-1307-48a1-9b8e-5ee21d8e5eef"
  type: "Invoice Item"
  sourceId: "761da26a-2e7b-43be-9d75-d90ab1d34893"
  Assets:CurrentAssets:ShopInventory:Jewelry -1580.00 HKD
  category: "Jewelry"
  sku: "DDFFFFFF0700000000000010"
  qty: 1
  referenceNo: "129"
  orderId: "c07908e1-1307-48a1-9b8e-5ee21d8e5eef"
  type: "Invoice Item"
  sourceId: "1ad33ecb-9f44-4137-8b78-fa4f91d60d43"
  Assets:CurrentAssets:AccountReceivable
  referenceNo: "129"
  orderId: "c07908e1-1307-48a1-9b8e-5ee21d8e5eef"
  type: "Invoice"
  sourceId: "c07908e1-1307-48a1-9b8e-5ee21d8e5eef"
  contact: "998 0000000001 (BadDebt/otheradjustment) [aa36b528-fbf4-4676-93f7-6aaafc481df7]"
2023-07-19 * "Bill #642 kpay074"
  referenceNo: "642"
  orderId: "c68f2467-2476-4895-9f4b-c4ddf5cc7aa9"
  type: "Bill"
  Expenses:GeneralExpense:CardFeeExpense 67.00 HKD
  qty: "1"
  description: "4400-4333=67"
  referenceNo: "642"
  orderId: "c68f2467-2476-4895-9f4b-c4ddf5cc7aa9"
  type: "Bill Item"
  sourceId: "d55b628b-645f-49b5-9040-bdf8ef2c9c1c"
  Liabilities:CurrentLiabilities:AccountPayable
  referenceNo: "642"
  orderId: "c68f2467-2476-4895-9f4b-c4ddf5cc7aa9"
  type: "Bill"
  sourceId: "c68f2467-2476-4895-9f4b-c4ddf5cc7aa9"
  contact: "998 12345821 (KPAY) [5a706f32-7edc-48d8-ae47-62fee1e8bba1]"
2023-07-19 * "998 12345821 (KPAY) [5a706f32-7edc-48d8-ae47-62fee1e8bba1]" "Bill Payment for Bill #642 #9c6e80c5-1097-4f25-af22-5fe495c12509"
  Liabilities:CurrentLiabilities:AccountPayable 67.00 HKD
  contact: "998 12345821 (KPAY) [5a706f32-7edc-48d8-ae47-62fee1e8bba1]"
  type: "Bill Payment"
  sourceId: "9c6e80c5-1097-4f25-af22-5fe495c12509"
  referenceNo: "642"
  orderId: "c68f2467-2476-4895-9f4b-c4ddf5cc7aa9"
  Assets:CurrentAssets:Bank:KpayBank -67.00 HKD
  type: "Bill Payment"
  sourceId: "9c6e80c5-1097-4f25-af22-5fe495c12509"
  referenceNo: "642"
  orderId: "c68f2467-2476-4895-9f4b-c4ddf5cc7aa9"
2023-07-19 * "Invoice #205 STAFF SALE"
  Income:Sales:SalesItem:Sell18kJewelry -3360.00 HKD
  category: "Jewelry"
  sku: "DDFFFFFF0300000000000005"
  qty: 1
  referenceNo: "205"
  orderId: "1a46bcae-f6ad-4dd4-889c-3872962962af"
  type: "Invoice Item"
  sourceId: "2f657c58-f83a-466f-9782-eb0c8d1ec1f5"
  Assets:CurrentAssets:AccountReceivable
  referenceNo: "205"
  orderId: "1a46bcae-f6ad-4dd4-889c-3872962962af"
  type: "Invoice"
  sourceId: "1a46bcae-f6ad-4dd4-889c-3872962962af"
  contact: "852 52817706 ((MW)MS.HUANG燕姐) [39acd1e7-bbdb-4094-b694-39837413f816]"
2023-07-19 * "Assets:CurrentAssets:Cash:CashInHand" "Invoice Payment for Invoice #205 #940cb950-78c9-4c4e-a0a1-5fbbdb050acc"
  Assets:CurrentAssets:Cash:CashInHand 3360.00 HKD
  type: "Invoice Payment"
  sourceId: "940cb950-78c9-4c4e-a0a1-5fbbdb050acc"
  referenceNo: "205"
  orderId: "1a46bcae-f6ad-4dd4-889c-3872962962af"
  Assets:CurrentAssets:AccountReceivable -3360.00 HKD
  type: "Invoice Payment"
  sourceId: "940cb950-78c9-4c4e-a0a1-5fbbdb050acc"
  referenceNo: "205"
  orderId: "1a46bcae-f6ad-4dd4-889c-3872962962af"
  contact: "852 52817706 ((MW)MS.HUANG燕姐) [39acd1e7-bbdb-4094-b694-39837413f816]"
2023-07-19 * "Invoice #206 ✱ 拆gia石改成了P2118 - RONIT說找石重新製作，但至今仍未完成 (入成本消數)"
  Expenses:CostOfSales:Purchase:PurchaseItem:Buy18kJewelry -9697.00 HKD
  category: "Jewelry"
  sku: "DDFFFFFF0600000000000020"
  qty: 1
  referenceNo: "206"
  orderId: "a1e9af2b-216b-4cf8-a3ef-47580000ec4a"
  type: "Invoice Item"
  sourceId: "d623579e-6c50-4687-8dbb-78d59bd2b096"
  Assets:CurrentAssets:AccountReceivable
  referenceNo: "206"
  orderId: "a1e9af2b-216b-4cf8-a3ef-47580000ec4a"
  type: "Invoice"
  sourceId: "a1e9af2b-216b-4cf8-a3ef-47580000ec4a"
  contact: "998 12345767 (SkyHighHoldingsGroupLtd) [efdca012-5d6e-4361-8ec7-f5566615d58a]"
2023-07-20 * "Bill #810 G17 23年7-10月電話費"
  referenceNo: "810"
  orderId: "22f418d9-bed8-41e3-85b4-98df908298c4"
  type: "Bill"
  Expenses:GeneralExpense:TelephoneAndInternetAndAlarm 329.00 HKD
  qty: "1"
  description: "G17 23年7-10月電話費"
  referenceNo: "810"
  orderId: "22f418d9-bed8-41e3-85b4-98df908298c4"
  type: "Bill Item"
  sourceId: "7d3d0970-88c8-42f1-9f5a-3ad5b531848d"
  Liabilities:CurrentLiabilities:AccountPayable
  referenceNo: "810"
  orderId: "22f418d9-bed8-41e3-85b4-98df908298c4"
  type: "Bill"
  sourceId: "22f418d9-bed8-41e3-85b4-98df908298c4"
  contact: "880 806 () [53b8789a-4451-4a1f-84f7-a9c5da7ada1a]"
2023-07-20 * "Bill #658 G17 8月2023 租金"
  referenceNo: "658"
  orderId: "b7313f58-1b64-49f5-a792-4ea2c6ab3bd7"
  type: "Bill"
  Expenses:GeneralExpense:Rent 48000.00 HKD
  qty: "1"
  description: "G17 23年8月租金"
  referenceNo: "658"
  orderId: "b7313f58-1b64-49f5-a792-4ea2c6ab3bd7"
  type: "Bill Item"
  sourceId: "28b3da65-5393-4dc1-b661-fe0d652f239c"
  Liabilities:CurrentLiabilities:AccountPayable
  referenceNo: "658"
  orderId: "b7313f58-1b64-49f5-a792-4ea2c6ab3bd7"
  type: "Bill"
  sourceId: "b7313f58-1b64-49f5-a792-4ea2c6ab3bd7"
  contact: "880 806 () [53b8789a-4451-4a1f-84f7-a9c5da7ada1a]"
2023-07-20 * "Bill #777 G17電費(2023-7月)"
  referenceNo: "777"
  orderId: "22d66522-fde4-42d8-ae04-8d498f3f4be5"
  type: "Bill"
  Expenses:GeneralExpense:ElectricityLightHeating 2372.00 HKD
  qty: "1"
  description: "G17電費(2023-7月)"
  referenceNo: "777"
  orderId: "22d66522-fde4-42d8-ae04-8d498f3f4be5"
  type: "Bill Item"
  sourceId: "6b5e4828-e10b-4d9b-8db3-380a0ea3eddf"
  Liabilities:CurrentLiabilities:AccountPayable
  referenceNo: "777"
  orderId: "22d66522-fde4-42d8-ae04-8d498f3f4be5"
  type: "Bill"
  sourceId: "22d66522-fde4-42d8-ae04-8d498f3f4be5"
  contact: "880 806 () [53b8789a-4451-4a1f-84f7-a9c5da7ada1a]"
2023-07-20 * "880 806 () [53b8789a-4451-4a1f-84f7-a9c5da7ada1a]" "Bill Payment for Bill #777 #11faf376-5708-4846-8d43-a5e6d975f075"
  Liabilities:CurrentLiabilities:AccountPayable 2372.00 HKD
  contact: "880 806 () [53b8789a-4451-4a1f-84f7-a9c5da7ada1a]"
  type: "Bill Payment"
  sourceId: "11faf376-5708-4846-8d43-a5e6d975f075"
  referenceNo: "777"
  orderId: "22d66522-fde4-42d8-ae04-8d498f3f4be5"
  Liabilities:CurrentLiabilities:CurrentAccount:C-a-MilrichElectronicsHkCoLtd -2372.00 HKD
  type: "Bill Payment"
  sourceId: "11faf376-5708-4846-8d43-a5e6d975f075"
  referenceNo: "777"
  orderId: "22d66522-fde4-42d8-ae04-8d498f3f4be5"
2023-07-20 * "880 806 () [53b8789a-4451-4a1f-84f7-a9c5da7ada1a]" "Bill Payment for Bill #810 #8c9a1e2a-3416-498e-9d5e-996dbfdfaaae"
  Liabilities:CurrentLiabilities:AccountPayable 329.00 HKD
  contact: "880 806 () [53b8789a-4451-4a1f-84f7-a9c5da7ada1a]"
  type: "Bill Payment"
  sourceId: "8c9a1e2a-3416-498e-9d5e-996dbfdfaaae"
  referenceNo: "810"
  orderId: "22f418d9-bed8-41e3-85b4-98df908298c4"
  Liabilities:CurrentLiabilities:CurrentAccount:C-a-MilrichElectronicsHkCoLtd -329.00 HKD
  type: "Bill Payment"
  sourceId: "8c9a1e2a-3416-498e-9d5e-996dbfdfaaae"
  referenceNo: "810"
  orderId: "22f418d9-bed8-41e3-85b4-98df908298c4"
2023-07-20 * "880 806 () [53b8789a-4451-4a1f-84f7-a9c5da7ada1a]" "Bill Payment for Bill #658 #d5bd7fee-4f37-40cd-9cea-1987f1f56ffb"
  Liabilities:CurrentLiabilities:AccountPayable 48000.00 HKD
  contact: "880 806 () [53b8789a-4451-4a1f-84f7-a9c5da7ada1a]"
  type: "Bill Payment"
  sourceId: "d5bd7fee-4f37-40cd-9cea-1987f1f56ffb"
  referenceNo: "658"
  orderId: "b7313f58-1b64-49f5-a792-4ea2c6ab3bd7"
  Assets:CurrentAssets:Bank:BocCurrentBank -48000.00 HKD
  type: "Bill Payment"
  sourceId: "d5bd7fee-4f37-40cd-9cea-1987f1f56ffb"
  referenceNo: "658"
  orderId: "b7313f58-1b64-49f5-a792-4ea2c6ab3bd7"
2023-07-21 * "Bill #661 10H10A GIA PURCHASE"
  referenceNo: "661"
  orderId: "bb2f6a3c-862b-4641-9bc7-5497b6eecb5f"
  type: "Bill"
  Expenses:CostOfSales:Purchase:PurchaseItem:BuyDiamond 40000.00 CNY
  category: "Natural Diamond"
  sku: "DDFFFFFF0800001178862588"
  qty: 1
  referenceNo: "661"
  orderId: "bb2f6a3c-862b-4641-9bc7-5497b6eecb5f"
  type: "Bill Item"
  sourceId: "df4d10f2-f8c2-4b93-ad57-b0fae2f6fbae"
  Expenses:CostOfSales:Purchase:PurchaseItem:BuyDiamond 18000.00 CNY
  category: "Natural Diamond"
  sku: "DDFFFFFF0800005233047090"
  qty: 1
  referenceNo: "661"
  orderId: "bb2f6a3c-862b-4641-9bc7-5497b6eecb5f"
  type: "Bill Item"
  sourceId: "bc887cd5-c5d6-45a6-b6b5-2212a060aa30"
  Expenses:CostOfSales:Purchase:PurchaseItem:BuyDiamond 9500.00 CNY
  category: "Natural Diamond"
  sku: "DDFFFFFF0800007232382715"
  qty: 1
  referenceNo: "661"
  orderId: "bb2f6a3c-862b-4641-9bc7-5497b6eecb5f"
  type: "Bill Item"
  sourceId: "be53a27b-d263-44a5-a4f4-aa5aeae94f8e"
  Liabilities:CurrentLiabilities:AccountPayable
  referenceNo: "661"
  orderId: "bb2f6a3c-862b-4641-9bc7-5497b6eecb5f"
  type: "Bill"
  sourceId: "bb2f6a3c-862b-4641-9bc7-5497b6eecb5f"
  contact: "998 12345841 (俊景珠寶有限公司) [7de5c35d-22af-47a5-bb17-87d474352f46]"
2023-07-21 * "Bill #824 DKK jobsDB 招聘廣告"
  referenceNo: "824"
  orderId: "abdecf1c-da91-4d13-8a2a-50480123dae6"
  type: "Bill"
  Expenses:GeneralExpense:AdvertisingAndBranding 1288.00 HKD
  qty: "1"
  description: "DKK jobsDB 招聘廣告"
  referenceNo: "824"
  orderId: "abdecf1c-da91-4d13-8a2a-50480123dae6"
  type: "Bill Item"
  sourceId: "141c4648-1a6a-4eb2-9b3d-7f79d3c1ab2e"
  Liabilities:CurrentLiabilities:AccountPayable
  referenceNo: "824"
  orderId: "abdecf1c-da91-4d13-8a2a-50480123dae6"
  type: "Bill"
  sourceId: "abdecf1c-da91-4d13-8a2a-50480123dae6"
  contact: "880 806 () [53b8789a-4451-4a1f-84f7-a9c5da7ada1a]"
2023-07-21 * "998 12345841 (俊景珠寶有限公司) [7de5c35d-22af-47a5-bb17-87d474352f46]" "Bill Payment for Bill #661 #ae83be3b-15ea-4d9b-9d88-7520f5c1537b"
  Liabilities:CurrentLiabilities:AccountPayable 67500.00 CNY
  contact: "998 12345841 (俊景珠寶有限公司) [7de5c35d-22af-47a5-bb17-87d474352f46]"
  type: "Bill Payment"
  sourceId: "ae83be3b-15ea-4d9b-9d88-7520f5c1537b"
  referenceNo: "661"
  orderId: "bb2f6a3c-862b-4641-9bc7-5497b6eecb5f"
  Liabilities:CurrentLiabilities:CurrentAccount:C-a-DirectorDavidKwan -67500.00 CNY
  type: "Bill Payment"
  sourceId: "ae83be3b-15ea-4d9b-9d88-7520f5c1537b"
  referenceNo: "661"
  orderId: "bb2f6a3c-862b-4641-9bc7-5497b6eecb5f"
2023-07-21 * "880 806 () [53b8789a-4451-4a1f-84f7-a9c5da7ada1a]" "Bill Payment for Bill #824 #a9012b48-3d51-4123-93ea-7754d5e7454d"
  Liabilities:CurrentLiabilities:AccountPayable 1288.00 HKD
  contact: "880 806 () [53b8789a-4451-4a1f-84f7-a9c5da7ada1a]"
  type: "Bill Payment"
  sourceId: "a9012b48-3d51-4123-93ea-7754d5e7454d"
  referenceNo: "824"
  orderId: "abdecf1c-da91-4d13-8a2a-50480123dae6"
  Liabilities:CurrentLiabilities:CurrentAccount:C-a-MilrichElectronicsHkCoLtd -1288.00 HKD
  type: "Bill Payment"
  sourceId: "a9012b48-3d51-4123-93ea-7754d5e7454d"
  referenceNo: "824"
  orderId: "abdecf1c-da91-4d13-8a2a-50480123dae6"
2023-07-21 * "Bill #659 kpay075"
  referenceNo: "659"
  orderId: "15fcc554-3178-4058-9235-2f3dee12dc94"
  type: "Bill"
  Expenses:GeneralExpense:CardFeeExpense 82.86 HKD
  qty: "1"
  description: "6122-6039.14=82.86"
  referenceNo: "659"
  orderId: "15fcc554-3178-4058-9235-2f3dee12dc94"
  type: "Bill Item"
  sourceId: "ffa0eb82-84fd-424a-9127-f63fed4c40bd"
  Liabilities:CurrentLiabilities:AccountPayable
  referenceNo: "659"
  orderId: "15fcc554-3178-4058-9235-2f3dee12dc94"
  type: "Bill"
  sourceId: "15fcc554-3178-4058-9235-2f3dee12dc94"
  contact: "998 12345821 (KPAY) [5a706f32-7edc-48d8-ae47-62fee1e8bba1]"
2023-07-21 * "998 12345821 (KPAY) [5a706f32-7edc-48d8-ae47-62fee1e8bba1]" "Bill Payment for Bill #659 #b88b19b7-4ae0-41c7-ae69-080af9af5b8b"
  Liabilities:CurrentLiabilities:AccountPayable 82.86 HKD
  contact: "998 12345821 (KPAY) [5a706f32-7edc-48d8-ae47-62fee1e8bba1]"
  type: "Bill Payment"
  sourceId: "b88b19b7-4ae0-41c7-ae69-080af9af5b8b"
  referenceNo: "659"
  orderId: "15fcc554-3178-4058-9235-2f3dee12dc94"
  Assets:CurrentAssets:Bank:KpayBank -82.86 HKD
  type: "Bill Payment"
  sourceId: "b88b19b7-4ae0-41c7-ae69-080af9af5b8b"
  referenceNo: "659"
  orderId: "15fcc554-3178-4058-9235-2f3dee12dc94"
2023-07-22 * "Assets:CurrentAssets:Cash:CashInHand" "Invoice Payment for Invoice #207 #54ae5cf9-1180-4dc6-8768-ccd0d56cc382"
  Assets:CurrentAssets:Cash:CashInHand 10754.00 HKD
  type: "Invoice Payment"
  sourceId: "54ae5cf9-1180-4dc6-8768-ccd0d56cc382"
  referenceNo: "207"
  orderId: "b1f2d27a-d11b-4c99-be2b-89d8c1fec237"
  Assets:CurrentAssets:AccountReceivable -10754.00 HKD
  type: "Invoice Payment"
  sourceId: "54ae5cf9-1180-4dc6-8768-ccd0d56cc382"
  referenceNo: "207"
  orderId: "b1f2d27a-d11b-4c99-be2b-89d8c1fec237"
  contact: "86 13484479490 (朱小姐) [4d3a7f10-f369-4b42-8138-d0797c3b332b]"
2023-07-22 * "Invoice #207 AA39258"
  Income:Sales:SalesItem:SellGoldJewelry -12062.00 HKD
  category: "Gold Jewelry"
  sku: "DDFF23051704000000000039"
  qty: 1
  referenceNo: "207"
  orderId: "b1f2d27a-d11b-4c99-be2b-89d8c1fec237"
  type: "Invoice Item"
  sourceId: "9434e359-5e72-43b3-ad4a-cf94154105f4"
  Assets:CurrentAssets:AccountReceivable
  referenceNo: "207"
  orderId: "b1f2d27a-d11b-4c99-be2b-89d8c1fec237"
  type: "Invoice"
  sourceId: "b1f2d27a-d11b-4c99-be2b-89d8c1fec237"
  contact: "86 13484479490 (朱小姐) [4d3a7f10-f369-4b42-8138-d0797c3b332b]"
2023-07-22 * "Assets:CurrentAssets:Bank:KpayBank" "Invoice Payment for Invoice #207 #7ed9658b-521c-4f4c-9b9a-cb64c0f5cc0f"
  Assets:CurrentAssets:Bank:KpayBank 1308.00 HKD
  type: "Invoice Payment"
  sourceId: "7ed9658b-521c-4f4c-9b9a-cb64c0f5cc0f"
  referenceNo: "207"
  orderId: "b1f2d27a-d11b-4c99-be2b-89d8c1fec237"
  Assets:CurrentAssets:AccountReceivable -1308.00 HKD
  type: "Invoice Payment"
  sourceId: "7ed9658b-521c-4f4c-9b9a-cb64c0f5cc0f"
  referenceNo: "207"
  orderId: "b1f2d27a-d11b-4c99-be2b-89d8c1fec237"
  contact: "86 13484479490 (朱小姐) [4d3a7f10-f369-4b42-8138-d0797c3b332b]"
2023-07-25 * "Invoice #210 "
  Income:Sales:SalesItem:SellGoldJewelry -1240.00 HKD
  category: "Gold Jewelry"
  sku: "DDFF23051205000000000004"
  qty: 1
  referenceNo: "210"
  orderId: "617baa07-fcbd-49b7-86d4-fd2fde0defca"
  type: "Invoice Item"
  sourceId: "304982b5-36d1-4554-bc74-37e68232444d"
  Income:Sales:SalesItem:SellGoldJewelry -1240.00 HKD
  category: "Gold Jewelry"
  sku: "DDFF23051205000000000010"
  qty: 1
  referenceNo: "210"
  orderId: "617baa07-fcbd-49b7-86d4-fd2fde0defca"
  type: "Invoice Item"
  sourceId: "983fc3ba-346e-4abb-9948-6f1a308d7b42"
  Assets:CurrentAssets:AccountReceivable
  referenceNo: "210"
  orderId: "617baa07-fcbd-49b7-86d4-fd2fde0defca"
  type: "Invoice"
  sourceId: "617baa07-fcbd-49b7-86d4-fd2fde0defca"
  contact: "880 802 (Walkin) [42348712-7daa-4c29-93b7-756b472429a4]"
2023-07-25 * "Assets:CurrentAssets:Cash:CashInHand" "Invoice Payment for Invoice #210 #bf58f7c7-f25d-44ed-be61-96f813c447d3"
  Assets:CurrentAssets:Cash:CashInHand 2480.00 HKD
  type: "Invoice Payment"
  sourceId: "bf58f7c7-f25d-44ed-be61-96f813c447d3"
  referenceNo: "210"
  orderId: "617baa07-fcbd-49b7-86d4-fd2fde0defca"
  Assets:CurrentAssets:AccountReceivable -2480.00 HKD
  type: "Invoice Payment"
  sourceId: "bf58f7c7-f25d-44ed-be61-96f813c447d3"
  referenceNo: "210"
  orderId: "617baa07-fcbd-49b7-86d4-fd2fde0defca"
  contact: "880 802 (Walkin) [42348712-7daa-4c29-93b7-756b472429a4]"
2023-07-25 * "Bill #664 SALARY 23年7月 - Final Pay"
  referenceNo: "664"
  orderId: "5426d647-5c22-4faf-a8a9-0566bfeb5317"
  type: "Bill"
  Expenses:GeneralExpense:WagesAndSalaries 11645.00 HKD
  qty: "1"
  description: "SALARY 23年7月 - 1名離職員工 Final Pay"
  referenceNo: "664"
  orderId: "5426d647-5c22-4faf-a8a9-0566bfeb5317"
  type: "Bill Item"
  sourceId: "9c83db90-a779-40ce-b435-571427ad8f9c"
  Liabilities:CurrentLiabilities:AccountPayable
  referenceNo: "664"
  orderId: "5426d647-5c22-4faf-a8a9-0566bfeb5317"
  type: "Bill"
  sourceId: "5426d647-5c22-4faf-a8a9-0566bfeb5317"
  contact: "880 806 () [53b8789a-4451-4a1f-84f7-a9c5da7ada1a]"
2023-07-25 * "880 806 () [53b8789a-4451-4a1f-84f7-a9c5da7ada1a]" "Bill Payment for Bill #664 #65b0782a-6e1c-427a-81ec-7414b44ccf35"
  Liabilities:CurrentLiabilities:AccountPayable 11645.00 HKD
  contact: "880 806 () [53b8789a-4451-4a1f-84f7-a9c5da7ada1a]"
  type: "Bill Payment"
  sourceId: "65b0782a-6e1c-427a-81ec-7414b44ccf35"
  referenceNo: "664"
  orderId: "5426d647-5c22-4faf-a8a9-0566bfeb5317"
  Assets:CurrentAssets:Bank:BocCurrentBank -11645.00 HKD
  type: "Bill Payment"
  sourceId: "65b0782a-6e1c-427a-81ec-7414b44ccf35"
  referenceNo: "664"
  orderId: "5426d647-5c22-4faf-a8a9-0566bfeb5317"
2023-07-26 * "Bill #1262 MICROSOFT*MICROSOFT 365 F"
  referenceNo: "1262"
  orderId: "ca99780d-b4d5-4c7d-8629-83d644ad940b"
  type: "Bill"
  Expenses:GeneralExpense:Subscriptions 78.00 HKD
  qty: "1"
  description: "MICROSOFT*MICROSOFT 365 F"
  referenceNo: "1262"
  orderId: "ca99780d-b4d5-4c7d-8629-83d644ad940b"
  type: "Bill Item"
  sourceId: "35d3b24c-6913-429a-96a2-fa0f9ddd4b53"
  Liabilities:CurrentLiabilities:AccountPayable
  referenceNo: "1262"
  orderId: "ca99780d-b4d5-4c7d-8629-83d644ad940b"
  type: "Bill"
  sourceId: "ca99780d-b4d5-4c7d-8629-83d644ad940b"
  contact: "880 806 () [53b8789a-4451-4a1f-84f7-a9c5da7ada1a]"
2023-07-26 * "Bill #689 kpay076"
  referenceNo: "689"
  orderId: "baae024a-6de0-4a9a-a88a-4834598ba844"
  type: "Bill"
  Expenses:GeneralExpense:CardFeeExpense 16.70 HKD
  qty: "1"
  description: "1308-1291.3=16.7"
  referenceNo: "689"
  orderId: "baae024a-6de0-4a9a-a88a-4834598ba844"
  type: "Bill Item"
  sourceId: "ae7e2aa3-232c-47f8-a11c-971b8e79bd3c"
  Liabilities:CurrentLiabilities:AccountPayable
  referenceNo: "689"
  orderId: "baae024a-6de0-4a9a-a88a-4834598ba844"
  type: "Bill"
  sourceId: "baae024a-6de0-4a9a-a88a-4834598ba844"
  contact: "998 12345821 (KPAY) [5a706f32-7edc-48d8-ae47-62fee1e8bba1]"
2023-07-26 * "Bill #686 FACEBK *SV38RR7ZM2"
  referenceNo: "686"
  orderId: "ad02eb0c-7d22-4524-a78e-ffa87dc37852"
  type: "Bill"
  Expenses:GeneralExpense:AdvertisingAndBranding 7500.00 HKD
  qty: "1"
  description: "FACEBK *SV38RR7ZM2"
  referenceNo: "686"
  orderId: "ad02eb0c-7d22-4524-a78e-ffa87dc37852"
  type: "Bill Item"
  sourceId: "5c6939f1-c965-4b32-925c-28b3234bcffa"
  Liabilities:CurrentLiabilities:AccountPayable
  referenceNo: "686"
  orderId: "ad02eb0c-7d22-4524-a78e-ffa87dc37852"
  type: "Bill"
  sourceId: "ad02eb0c-7d22-4524-a78e-ffa87dc37852"
  contact: "880 806 () [53b8789a-4451-4a1f-84f7-a9c5da7ada1a]"
2023-07-26 * "Bill #1258 OVERSEA TRANSACTION FEE (VISA)"
  referenceNo: "1258"
  orderId: "318d902a-3895-43fb-b153-2d673ae5092b"
  type: "Bill"
  Expenses:GeneralExpense:OfficeExpenses 60.00 HKD
  qty: "1"
  description: "OVERSEA TRANSACTION FEE (VISA)"
  referenceNo: "1258"
  orderId: "318d902a-3895-43fb-b153-2d673ae5092b"
  type: "Bill Item"
  sourceId: "31ed6759-8e77-414b-80bc-4c0313d65f4a"
  Liabilities:CurrentLiabilities:AccountPayable
  referenceNo: "1258"
  orderId: "318d902a-3895-43fb-b153-2d673ae5092b"
  type: "Bill"
  sourceId: "318d902a-3895-43fb-b153-2d673ae5092b"
  contact: "880 806 () [53b8789a-4451-4a1f-84f7-a9c5da7ada1a]"
2023-07-26 * "880 806 () [53b8789a-4451-4a1f-84f7-a9c5da7ada1a]" "Bill Payment for Bill #686 #4a3b0783-8466-4ff1-93f0-b77a9c8cfed6"
  Liabilities:CurrentLiabilities:AccountPayable 7500.00 HKD
  contact: "880 806 () [53b8789a-4451-4a1f-84f7-a9c5da7ada1a]"
  type: "Bill Payment"
  sourceId: "4a3b0783-8466-4ff1-93f0-b77a9c8cfed6"
  referenceNo: "686"
  orderId: "ad02eb0c-7d22-4524-a78e-ffa87dc37852"
  Assets:CurrentAssets:Bank:BocVisaCard-DavidBank -7500.00 HKD
  type: "Bill Payment"
  sourceId: "4a3b0783-8466-4ff1-93f0-b77a9c8cfed6"
  referenceNo: "686"
  orderId: "ad02eb0c-7d22-4524-a78e-ffa87dc37852"
2023-07-26 * "880 806 () [53b8789a-4451-4a1f-84f7-a9c5da7ada1a]" "Bill Payment for Bill #1258 #b51daf7e-0bcf-46b8-a780-9cc54db65ec2"
  Liabilities:CurrentLiabilities:AccountPayable 60.00 HKD
  contact: "880 806 () [53b8789a-4451-4a1f-84f7-a9c5da7ada1a]"
  type: "Bill Payment"
  sourceId: "b51daf7e-0bcf-46b8-a780-9cc54db65ec2"
  referenceNo: "1258"
  orderId: "318d902a-3895-43fb-b153-2d673ae5092b"
  Assets:CurrentAssets:Bank:BocVisaCard-DavidBank -60.00 HKD
  type: "Bill Payment"
  sourceId: "b51daf7e-0bcf-46b8-a780-9cc54db65ec2"
  referenceNo: "1258"
  orderId: "318d902a-3895-43fb-b153-2d673ae5092b"
2023-07-26 * "998 12345821 (KPAY) [5a706f32-7edc-48d8-ae47-62fee1e8bba1]" "Bill Payment for Bill #689 #22952443-6e00-4713-8e98-a7451ac54df5"
  Liabilities:CurrentLiabilities:AccountPayable 16.70 HKD
  contact: "998 12345821 (KPAY) [5a706f32-7edc-48d8-ae47-62fee1e8bba1]"
  type: "Bill Payment"
  sourceId: "22952443-6e00-4713-8e98-a7451ac54df5"
  referenceNo: "689"
  orderId: "baae024a-6de0-4a9a-a88a-4834598ba844"
  Assets:CurrentAssets:Bank:KpayBank -16.70 HKD
  type: "Bill Payment"
  sourceId: "22952443-6e00-4713-8e98-a7451ac54df5"
  referenceNo: "689"
  orderId: "baae024a-6de0-4a9a-a88a-4834598ba844"
2023-07-26 * "880 806 () [53b8789a-4451-4a1f-84f7-a9c5da7ada1a]" "Bill Payment for Bill #1262 #bde747d6-ec64-445b-bd45-a7b918de4399"
  Liabilities:CurrentLiabilities:AccountPayable 78.00 HKD
  contact: "880 806 () [53b8789a-4451-4a1f-84f7-a9c5da7ada1a]"
  type: "Bill Payment"
  sourceId: "bde747d6-ec64-445b-bd45-a7b918de4399"
  referenceNo: "1262"
  orderId: "ca99780d-b4d5-4c7d-8629-83d644ad940b"
  Assets:CurrentAssets:Bank:BocVisaCard-DavidBank -78.00 HKD
  type: "Bill Payment"
  sourceId: "bde747d6-ec64-445b-bd45-a7b918de4399"
  referenceNo: "1262"
  orderId: "ca99780d-b4d5-4c7d-8629-83d644ad940b"
2023-07-26 * "Bill #667 (TVP) TO:DKK ERP 系統的編寫程式費用 (Algohash) (尾數)"
  referenceNo: "667"
  orderId: "162f7db9-277c-40cf-a091-49a5b1155c0b"
  type: "Bill"
  Expenses:GeneralExpense:WebErpDev 74400.00 HKD
  qty: "1"
  description: "TO:DKK ERP 系統的編寫程式費用 (Algohash) (尾數)"
  referenceNo: "667"
  orderId: "162f7db9-277c-40cf-a091-49a5b1155c0b"
  type: "Bill Item"
  sourceId: "9c1fdf07-5eda-46e1-9bef-58e5ec79c591"
  Liabilities:CurrentLiabilities:AccountPayable
  referenceNo: "667"
  orderId: "162f7db9-277c-40cf-a091-49a5b1155c0b"
  type: "Bill"
  sourceId: "162f7db9-277c-40cf-a091-49a5b1155c0b"
  contact: "880 806 () [53b8789a-4451-4a1f-84f7-a9c5da7ada1a]"
2023-07-26 * "Bill #669 Bank Fee"
  referenceNo: "669"
  orderId: "d7a4a609-d684-479f-9aca-53dbcc4e5143"
  type: "Bill"
  Expenses:GeneralExpense:BankFeesExpense 25.00 HKD
  qty: "1"
  description: "Bank Fee"
  referenceNo: "669"
  orderId: "d7a4a609-d684-479f-9aca-53dbcc4e5143"
  type: "Bill Item"
  sourceId: "712d845d-78d5-4782-8565-6886d321ff0d"
  Liabilities:CurrentLiabilities:AccountPayable
  referenceNo: "669"
  orderId: "d7a4a609-d684-479f-9aca-53dbcc4e5143"
  type: "Bill"
  sourceId: "d7a4a609-d684-479f-9aca-53dbcc4e5143"
  contact: "880 806 () [53b8789a-4451-4a1f-84f7-a9c5da7ada1a]"
2023-07-26 * "880 806 () [53b8789a-4451-4a1f-84f7-a9c5da7ada1a]" "Bill Payment for Bill #667 #368314b4-631a-4c6d-aeda-a5d0350d7d7b"
  Liabilities:CurrentLiabilities:AccountPayable 74400.00 HKD
  contact: "880 806 () [53b8789a-4451-4a1f-84f7-a9c5da7ada1a]"
  type: "Bill Payment"
  sourceId: "368314b4-631a-4c6d-aeda-a5d0350d7d7b"
  referenceNo: "667"
  orderId: "162f7db9-277c-40cf-a091-49a5b1155c0b"
  Assets:CurrentAssets:Bank:BocSavingBank -74400.00 HKD
  type: "Bill Payment"
  sourceId: "368314b4-631a-4c6d-aeda-a5d0350d7d7b"
  referenceNo: "667"
  orderId: "162f7db9-277c-40cf-a091-49a5b1155c0b"
2023-07-26 * "Bill #670 NOVA office insurance 1 yr (勞保)"
  referenceNo: "670"
  orderId: "602aea34-85e0-4175-9d51-1dd7abce40cf"
  type: "Bill"
  Expenses:GeneralExpense:Insurance 4504.50 HKD
  qty: "1"
  description: "NOVA office insurance 1 yr (20230609 - 20240628) (勞保)"
  referenceNo: "670"
  orderId: "602aea34-85e0-4175-9d51-1dd7abce40cf"
  type: "Bill Item"
  sourceId: "80a1f039-70a2-43e0-8db6-4c1b82883308"
  Liabilities:CurrentLiabilities:AccountPayable
  referenceNo: "670"
  orderId: "602aea34-85e0-4175-9d51-1dd7abce40cf"
  type: "Bill"
  sourceId: "602aea34-85e0-4175-9d51-1dd7abce40cf"
  contact: "880 806 () [53b8789a-4451-4a1f-84f7-a9c5da7ada1a]"
2023-07-26 * "880 806 () [53b8789a-4451-4a1f-84f7-a9c5da7ada1a]" "Bill Payment for Bill #669 #aaacf9b8-a813-4938-8fa1-012b2a2554a1"
  Liabilities:CurrentLiabilities:AccountPayable 25.00 HKD
  contact: "880 806 () [53b8789a-4451-4a1f-84f7-a9c5da7ada1a]"
  type: "Bill Payment"
  sourceId: "aaacf9b8-a813-4938-8fa1-012b2a2554a1"
  referenceNo: "669"
  orderId: "d7a4a609-d684-479f-9aca-53dbcc4e5143"
  Assets:CurrentAssets:Bank:BocSavingBank -25.00 HKD
  type: "Bill Payment"
  sourceId: "aaacf9b8-a813-4938-8fa1-012b2a2554a1"
  referenceNo: "669"
  orderId: "d7a4a609-d684-479f-9aca-53dbcc4e5143"
2023-07-26 * "Bill #671 Bank Fee"
  referenceNo: "671"
  orderId: "e292d328-93f1-45db-871d-3e0776556316"
  type: "Bill"
  Expenses:GeneralExpense:BankFeesExpense 5.00 HKD
  qty: "1"
  description: "Bank Fee"
  referenceNo: "671"
  orderId: "e292d328-93f1-45db-871d-3e0776556316"
  type: "Bill Item"
  sourceId: "a9f5e2b5-4c87-4daa-ba48-e6e08b61eed9"
  Liabilities:CurrentLiabilities:AccountPayable
  referenceNo: "671"
  orderId: "e292d328-93f1-45db-871d-3e0776556316"
  type: "Bill"
  sourceId: "e292d328-93f1-45db-871d-3e0776556316"
  contact: "880 806 () [53b8789a-4451-4a1f-84f7-a9c5da7ada1a]"
2023-07-26 * "880 806 () [53b8789a-4451-4a1f-84f7-a9c5da7ada1a]" "Bill Payment for Bill #670 #987a3525-86db-42c0-a6da-87962d71c305"
  Liabilities:CurrentLiabilities:AccountPayable 4504.50 HKD
  contact: "880 806 () [53b8789a-4451-4a1f-84f7-a9c5da7ada1a]"
  type: "Bill Payment"
  sourceId: "987a3525-86db-42c0-a6da-87962d71c305"
  referenceNo: "670"
  orderId: "602aea34-85e0-4175-9d51-1dd7abce40cf"
  Assets:CurrentAssets:Bank:BocSavingBank -4504.50 HKD
  type: "Bill Payment"
  sourceId: "987a3525-86db-42c0-a6da-87962d71c305"
  referenceNo: "670"
  orderId: "602aea34-85e0-4175-9d51-1dd7abce40cf"
2023-07-26 * "880 806 () [53b8789a-4451-4a1f-84f7-a9c5da7ada1a]" "Bill Payment for Bill #671 #0c803a59-14fa-40f7-a5ca-997cd940437b"
  Liabilities:CurrentLiabilities:AccountPayable 5.00 HKD
  contact: "880 806 () [53b8789a-4451-4a1f-84f7-a9c5da7ada1a]"
  type: "Bill Payment"
  sourceId: "0c803a59-14fa-40f7-a5ca-997cd940437b"
  referenceNo: "671"
  orderId: "e292d328-93f1-45db-871d-3e0776556316"
  Assets:CurrentAssets:Bank:BocSavingBank -5.00 HKD
  type: "Bill Payment"
  sourceId: "0c803a59-14fa-40f7-a5ca-997cd940437b"
  referenceNo: "671"
  orderId: "e292d328-93f1-45db-871d-3e0776556316"
2023-07-26 * "Bill #672 7月2023MPF"
  referenceNo: "672"
  orderId: "5eeecace-10a2-4f73-8948-492ad2c0810d"
  type: "Bill"
  Expenses:GeneralExpense:Mpf 5500.00 HKD
  qty: "1"
  description: "7月2023MPF"
  referenceNo: "672"
  orderId: "5eeecace-10a2-4f73-8948-492ad2c0810d"
  type: "Bill Item"
  sourceId: "8daa30e4-eb8c-4e38-9941-503a40f3c6df"
  Liabilities:CurrentLiabilities:AccountPayable
  referenceNo: "672"
  orderId: "5eeecace-10a2-4f73-8948-492ad2c0810d"
  type: "Bill"
  sourceId: "5eeecace-10a2-4f73-8948-492ad2c0810d"
  contact: "880 806 () [53b8789a-4451-4a1f-84f7-a9c5da7ada1a]"
2023-07-26 * "880 806 () [53b8789a-4451-4a1f-84f7-a9c5da7ada1a]" "Bill Payment for Bill #672 #de0abab0-0399-430a-972f-a35e2368fd6a"
  Liabilities:CurrentLiabilities:AccountPayable 5500.00 HKD
  contact: "880 806 () [53b8789a-4451-4a1f-84f7-a9c5da7ada1a]"
  type: "Bill Payment"
  sourceId: "de0abab0-0399-430a-972f-a35e2368fd6a"
  referenceNo: "672"
  orderId: "5eeecace-10a2-4f73-8948-492ad2c0810d"
  Assets:CurrentAssets:Bank:BocCurrentBank -5500.00 HKD
  type: "Bill Payment"
  sourceId: "de0abab0-0399-430a-972f-a35e2368fd6a"
  referenceNo: "672"
  orderId: "5eeecace-10a2-4f73-8948-492ad2c0810d"
2023-07-27 * "Bill #690 NOVA - G17 勞保22_23年度更改員工"
  referenceNo: "690"
  orderId: "41a62f11-01f3-4f97-80c5-849e9df5e5da"
  type: "Bill"
  Expenses:GeneralExpense:Insurance 145.13 HKD
  qty: "1"
  description: "NOVA - G17 勞保22_23年度更改員工"
  referenceNo: "690"
  orderId: "41a62f11-01f3-4f97-80c5-849e9df5e5da"
  type: "Bill Item"
  sourceId: "5e3d6308-30bb-42cf-bbf6-bd79973adaf0"
  Liabilities:CurrentLiabilities:AccountPayable
  referenceNo: "690"
  orderId: "41a62f11-01f3-4f97-80c5-849e9df5e5da"
  type: "Bill"
  sourceId: "41a62f11-01f3-4f97-80c5-849e9df5e5da"
  contact: "880 806 () [53b8789a-4451-4a1f-84f7-a9c5da7ada1a]"
2023-07-27 * "Bill #691 BANK FEE"
  referenceNo: "691"
  orderId: "34e08e22-b8b3-4220-a89d-50dd5cad791a"
  type: "Bill"
  Expenses:GeneralExpense:BankFeesExpense 5.00 HKD
  qty: "1"
  description: "BANK FEE"
  referenceNo: "691"
  orderId: "34e08e22-b8b3-4220-a89d-50dd5cad791a"
  type: "Bill Item"
  sourceId: "3e08d62b-eb26-4d95-a69b-e5b2042a4c81"
  Liabilities:CurrentLiabilities:AccountPayable
  referenceNo: "691"
  orderId: "34e08e22-b8b3-4220-a89d-50dd5cad791a"
  type: "Bill"
  sourceId: "34e08e22-b8b3-4220-a89d-50dd5cad791a"
  contact: "880 806 () [53b8789a-4451-4a1f-84f7-a9c5da7ada1a]"
2023-07-27 * "880 806 () [53b8789a-4451-4a1f-84f7-a9c5da7ada1a]" "Bill Payment for Bill #690 #d06750d1-bdc4-4c00-9710-1a8f10bb7125"
  Liabilities:CurrentLiabilities:AccountPayable 145.13 HKD
  contact: "880 806 () [53b8789a-4451-4a1f-84f7-a9c5da7ada1a]"
  type: "Bill Payment"
  sourceId: "d06750d1-bdc4-4c00-9710-1a8f10bb7125"
  referenceNo: "690"
  orderId: "41a62f11-01f3-4f97-80c5-849e9df5e5da"
  Assets:CurrentAssets:Bank:BocSavingBank -145.13 HKD
  type: "Bill Payment"
  sourceId: "d06750d1-bdc4-4c00-9710-1a8f10bb7125"
  referenceNo: "690"
  orderId: "41a62f11-01f3-4f97-80c5-849e9df5e5da"
2023-07-27 * "880 806 () [53b8789a-4451-4a1f-84f7-a9c5da7ada1a]" "Bill Payment for Bill #691 #3931c447-a6ec-42c5-a07c-7865dde2a2a0"
  Liabilities:CurrentLiabilities:AccountPayable 5.00 HKD
  contact: "880 806 () [53b8789a-4451-4a1f-84f7-a9c5da7ada1a]"
  type: "Bill Payment"
  sourceId: "3931c447-a6ec-42c5-a07c-7865dde2a2a0"
  referenceNo: "691"
  orderId: "34e08e22-b8b3-4220-a89d-50dd5cad791a"
  Assets:CurrentAssets:Bank:BocSavingBank -5.00 HKD
  type: "Bill Payment"
  sourceId: "3931c447-a6ec-42c5-a07c-7865dde2a2a0"
  referenceNo: "691"
  orderId: "34e08e22-b8b3-4220-a89d-50dd5cad791a"
2023-07-28 * "Bill #786 G17上網(2023-8月)"
  referenceNo: "786"
  orderId: "00227dc6-f689-4d98-bb86-84f6b77a2a03"
  type: "Bill"
  Expenses:GeneralExpense:TelephoneAndInternetAndAlarm 338.00 HKD
  qty: "1"
  description: "G17上網(2023-8月)"
  referenceNo: "786"
  orderId: "00227dc6-f689-4d98-bb86-84f6b77a2a03"
  type: "Bill Item"
  sourceId: "2024b92b-55a2-45d5-b61e-0109b7bb1289"
  Liabilities:CurrentLiabilities:AccountPayable
  referenceNo: "786"
  orderId: "00227dc6-f689-4d98-bb86-84f6b77a2a03"
  type: "Bill"
  sourceId: "00227dc6-f689-4d98-bb86-84f6b77a2a03"
  contact: "880 806 () [53b8789a-4451-4a1f-84f7-a9c5da7ada1a]"
2023-07-28 * "880 806 () [53b8789a-4451-4a1f-84f7-a9c5da7ada1a]" "Bill Payment for Bill #786 #ddbbc313-06db-4ca5-acb9-f4f10f441bc2"
  Liabilities:CurrentLiabilities:AccountPayable 338.00 HKD
  contact: "880 806 () [53b8789a-4451-4a1f-84f7-a9c5da7ada1a]"
  type: "Bill Payment"
  sourceId: "ddbbc313-06db-4ca5-acb9-f4f10f441bc2"
  referenceNo: "786"
  orderId: "00227dc6-f689-4d98-bb86-84f6b77a2a03"
  Liabilities:CurrentLiabilities:CurrentAccount:C-a-MilrichElectronicsHkCoLtd -338.00 HKD
  type: "Bill Payment"
  sourceId: "ddbbc313-06db-4ca5-acb9-f4f10f441bc2"
  referenceNo: "786"
  orderId: "00227dc6-f689-4d98-bb86-84f6b77a2a03"
2023-07-28 * "Invoice #213 AA39259"
  Income:Sales:SalesItem:Sell18kJewelry -5100.00 HKD
  category: "Jewelry"
  sku: "BESPOKE00002"
  qty: 1
  referenceNo: "213"
  orderId: "4462882e-4c68-4b1a-85b9-24df085816d3"
  type: "Invoice Item"
  sourceId: "efda412f-10ea-4a3f-8001-dd1189f36614"
  Income:Sales:SalesItem:Sell18kJewelry -4600.00 HKD
  category: "Jewelry"
  sku: "BESPOKE00003"
  qty: 1
  referenceNo: "213"
  orderId: "4462882e-4c68-4b1a-85b9-24df085816d3"
  type: "Invoice Item"
  sourceId: "e0aa2b17-6a36-4d5a-a307-2c9738436cc9"
  Assets:CurrentAssets:AccountReceivable
  referenceNo: "213"
  orderId: "4462882e-4c68-4b1a-85b9-24df085816d3"
  type: "Invoice"
  sourceId: "4462882e-4c68-4b1a-85b9-24df085816d3"
  contact: "852 91320217 (MR.TANGSTEVE) [5741da3b-ed4d-4ece-8bf4-3dcc4e4a6941]"
2023-07-28 * "Invoice #215 AA39260"
  Income:Sales:SalesItem:SellGoldJewelry -800.00 HKD
  category: "Gold Jewelry"
  sku: "DDFF2305120A000000000057"
  qty: 1
  referenceNo: "215"
  orderId: "4de9eb54-3dc3-4bb6-97e2-4cea129e5a4d"
  type: "Invoice Item"
  sourceId: "286c03b5-e83d-4186-bf65-cfa720fa1323"
  Assets:CurrentAssets:AccountReceivable
  referenceNo: "215"
  orderId: "4de9eb54-3dc3-4bb6-97e2-4cea129e5a4d"
  type: "Invoice"
  sourceId: "4de9eb54-3dc3-4bb6-97e2-4cea129e5a4d"
  contact: "880 802 (Walkin) [42348712-7daa-4c29-93b7-756b472429a4]"
2023-07-28 * "Assets:CurrentAssets:Bank:KpayBank" "Invoice Payment for Invoice #213 #b50b4f32-bf26-4bd8-90e9-8ccb6eb182d6"
  Assets:CurrentAssets:Bank:KpayBank 9700.00 HKD
  type: "Invoice Payment"
  sourceId: "b50b4f32-bf26-4bd8-90e9-8ccb6eb182d6"
  referenceNo: "213"
  orderId: "4462882e-4c68-4b1a-85b9-24df085816d3"
  Assets:CurrentAssets:AccountReceivable -9700.00 HKD
  type: "Invoice Payment"
  sourceId: "b50b4f32-bf26-4bd8-90e9-8ccb6eb182d6"
  referenceNo: "213"
  orderId: "4462882e-4c68-4b1a-85b9-24df085816d3"
  contact: "852 91320217 (MR.TANGSTEVE) [5741da3b-ed4d-4ece-8bf4-3dcc4e4a6941]"
2023-07-28 * "Assets:CurrentAssets:Bank:KpayBank" "Invoice Payment for Invoice #215 #360667a4-ca1d-4e35-bbfc-71e752079739"
  Assets:CurrentAssets:Bank:KpayBank 800.00 HKD
  type: "Invoice Payment"
  sourceId: "360667a4-ca1d-4e35-bbfc-71e752079739"
  referenceNo: "215"
  orderId: "4de9eb54-3dc3-4bb6-97e2-4cea129e5a4d"
  Assets:CurrentAssets:AccountReceivable -800.00 HKD
  type: "Invoice Payment"
  sourceId: "360667a4-ca1d-4e35-bbfc-71e752079739"
  referenceNo: "215"
  orderId: "4de9eb54-3dc3-4bb6-97e2-4cea129e5a4d"
  contact: "880 802 (Walkin) [42348712-7daa-4c29-93b7-756b472429a4]"
2023-07-28 * "Bill #695 INV#336訂貨, NO.230026"
  referenceNo: "695"
  orderId: "bff22109-4dee-4e55-9b36-6e438416a22b"
  type: "Bill"
  Expenses:CostOfSales:Purchase:PurchaseItem:Buy18kJewelry 3300.00 HKD
  category: "Jewelry"
  sku: "BESPOKE00003"
  qty: 1
  referenceNo: "695"
  orderId: "bff22109-4dee-4e55-9b36-6e438416a22b"
  type: "Bill Item"
  sourceId: "68d1f9f3-2594-4c2e-9c9d-002cdd18fcdb"
  Expenses:CostOfSales:Purchase:PurchaseItem:Buy18kJewelry 3300.00 HKD
  category: "Jewelry"
  sku: "BESPOKE00002"
  qty: 1
  referenceNo: "695"
  orderId: "bff22109-4dee-4e55-9b36-6e438416a22b"
  type: "Bill Item"
  sourceId: "cb65fe2b-9bc4-4bc1-86ac-9aa748b65184"
  Liabilities:CurrentLiabilities:AccountPayable
  referenceNo: "695"
  orderId: "bff22109-4dee-4e55-9b36-6e438416a22b"
  type: "Bill"
  sourceId: "bff22109-4dee-4e55-9b36-6e438416a22b"
  contact: "998 12345767 (SkyHighHoldingsGroupLtd) [efdca012-5d6e-4361-8ec7-f5566615d58a]"
2023-07-30 * "Invoice #221 AA39261 & AA39269"
  Income:Sales:SalesItem:SellBespokeorotherFee -300.00 HKD
  category: "Other"
  sku: "Processing 037"
  qty: 1
  referenceNo: "221"
  orderId: "15aaccd3-c490-4cb0-b823-27c3dc615374"
  type: "Invoice Item"
  sourceId: "1e95764c-0b23-42f1-afde-c5c07565182d"
  Assets:CurrentAssets:AccountReceivable
  referenceNo: "221"
  orderId: "15aaccd3-c490-4cb0-b823-27c3dc615374"
  type: "Invoice"
  sourceId: "15aaccd3-c490-4cb0-b823-27c3dc615374"
  contact: "852 95159883 (MR.CHANKEN) [f0c9794b-f5ec-4f8b-8a95-b5fc69907e9d]"
2023-07-30 * "Bill #699 INV#321(#51) 鑲石 (RING SETTING - BESPOKE00005)"
  referenceNo: "699"
  orderId: "c2b221c1-252d-44c5-bf90-159d7ef61152"
  type: "Bill"
  Expenses:CostOfSales:Purchase:PurchaseItem:BuyCost-ProcessingFee 600.00 HKD
  category: "Other"
  sku: "Processing 076"
  qty: 1
  referenceNo: "699"
  orderId: "c2b221c1-252d-44c5-bf90-159d7ef61152"
  type: "Bill Item"
  sourceId: "916d89d3-6451-4f41-bce6-799e3c0e9199"
  Liabilities:CurrentLiabilities:AccountPayable
  referenceNo: "699"
  orderId: "c2b221c1-252d-44c5-bf90-159d7ef61152"
  type: "Bill"
  sourceId: "c2b221c1-252d-44c5-bf90-159d7ef61152"
  contact: "852 96221974 (強哥首飾加工師傅) [cef6a8eb-0892-4a7c-bfdc-328752af4fd5]"
2023-07-31 * "Invoice #225 INTEREST"
  Income:OtherIncome:Interest-bank -63.37 HKD
  description: "INTEREST"
  qty: 1
  referenceNo: "225"
  orderId: "76727ef9-9faf-4b21-bdd8-ed45fe0b18ee"
  type: "Invoice Item"
  sourceId: "f168a333-1846-48f7-a078-61f8dfa66529"
  Assets:CurrentAssets:AccountReceivable
  referenceNo: "225"
  orderId: "76727ef9-9faf-4b21-bdd8-ed45fe0b18ee"
  type: "Invoice"
  sourceId: "76727ef9-9faf-4b21-bdd8-ed45fe0b18ee"
  contact: "998 12345835 (boc(bankofchina)) [82f385a7-d238-4826-9a12-e06648f93cdb]"
2023-07-31 * "Bill #825 07/23 網頁設計費用 (Frontend - Justin)"
  referenceNo: "825"
  orderId: "75e490df-4a2d-4bde-b942-69e9e6660530"
  type: "Bill"
  Expenses:GeneralExpense:WebErpDev 24200.00 HKD
  qty: "1"
  description: "DKK 網頁設計07/23費用 - Frontend (Justin)"
  referenceNo: "825"
  orderId: "75e490df-4a2d-4bde-b942-69e9e6660530"
  type: "Bill Item"
  sourceId: "cbe7909c-5a39-4082-bf0f-cbb2dd9bdd1c"
  Liabilities:CurrentLiabilities:AccountPayable
  referenceNo: "825"
  orderId: "75e490df-4a2d-4bde-b942-69e9e6660530"
  type: "Bill"
  sourceId: "75e490df-4a2d-4bde-b942-69e9e6660530"
  contact: "880 806 () [53b8789a-4451-4a1f-84f7-a9c5da7ada1a]"
2023-07-31 * "Assets:CurrentAssets:Bank:BocSavingBank" "Invoice Payment for Invoice #225 #a66acd4f-ac70-4890-a946-8ab62b084827"
  Assets:CurrentAssets:Bank:BocSavingBank 63.37 HKD
  type: "Invoice Payment"
  sourceId: "a66acd4f-ac70-4890-a946-8ab62b084827"
  referenceNo: "225"
  orderId: "76727ef9-9faf-4b21-bdd8-ed45fe0b18ee"
  Assets:CurrentAssets:AccountReceivable -63.37 HKD
  type: "Invoice Payment"
  sourceId: "a66acd4f-ac70-4890-a946-8ab62b084827"
  referenceNo: "225"
  orderId: "76727ef9-9faf-4b21-bdd8-ed45fe0b18ee"
  contact: "998 12345835 (boc(bankofchina)) [82f385a7-d238-4826-9a12-e06648f93cdb]"
2023-07-31 * "880 806 () [53b8789a-4451-4a1f-84f7-a9c5da7ada1a]" "Bill Payment for Bill #825 #36a75bca-072e-47e8-b647-9f0f37205e6e"
  Liabilities:CurrentLiabilities:AccountPayable 24200.00 HKD
  contact: "880 806 () [53b8789a-4451-4a1f-84f7-a9c5da7ada1a]"
  type: "Bill Payment"
  sourceId: "36a75bca-072e-47e8-b647-9f0f37205e6e"
  referenceNo: "825"
  orderId: "75e490df-4a2d-4bde-b942-69e9e6660530"
  Liabilities:CurrentLiabilities:CurrentAccount:C-a-MilrichElectronicsHkCoLtd -24200.00 HKD
  type: "Bill Payment"
  sourceId: "36a75bca-072e-47e8-b647-9f0f37205e6e"
  referenceNo: "825"
  orderId: "75e490df-4a2d-4bde-b942-69e9e6660530"
2023-07-31 * "Bill #698 SALARY 23年7月"
  referenceNo: "698"
  orderId: "1c296147-4377-439f-a04b-6f89472f0598"
  type: "Bill"
  Expenses:GeneralExpense:WagesAndSalaries 53500.00 HKD
  qty: "1"
  description: "23年7月工資"
  referenceNo: "698"
  orderId: "1c296147-4377-439f-a04b-6f89472f0598"
  type: "Bill Item"
  sourceId: "41e61e60-ae0c-42c2-8e71-6e5f924411e2"
  Liabilities:CurrentLiabilities:AccountPayable
  referenceNo: "698"
  orderId: "1c296147-4377-439f-a04b-6f89472f0598"
  type: "Bill"
  sourceId: "1c296147-4377-439f-a04b-6f89472f0598"
  contact: "880 806 () [53b8789a-4451-4a1f-84f7-a9c5da7ada1a]"
2023-07-31 * "880 806 () [53b8789a-4451-4a1f-84f7-a9c5da7ada1a]" "Bill Payment for Bill #698 #9389c02f-c63f-4be0-b6a0-d2c77e7b3465"
  Liabilities:CurrentLiabilities:AccountPayable 53500.00 HKD
  contact: "880 806 () [53b8789a-4451-4a1f-84f7-a9c5da7ada1a]"
  type: "Bill Payment"
  sourceId: "9389c02f-c63f-4be0-b6a0-d2c77e7b3465"
  referenceNo: "698"
  orderId: "1c296147-4377-439f-a04b-6f89472f0598"
  Assets:CurrentAssets:Bank:BocSavingBank -53500.00 HKD
  type: "Bill Payment"
  sourceId: "9389c02f-c63f-4be0-b6a0-d2c77e7b3465"
  referenceNo: "698"
  orderId: "1c296147-4377-439f-a04b-6f89472f0598"