; ORDER transactions for 2024-08

2024-08-01 * "Assets:CurrentAssets:Bank:BocSavingBank" "Invoice Payment for Invoice #453 #02d639a1-b138-4258-beef-c4856675669f"
  Assets:CurrentAssets:Bank:BocSavingBank 2500 HKD
  type: "Invoice Payment"
  sourceId: "02d639a1-b138-4258-beef-c4856675669f"
  referenceNo: "453"
  orderId: "581f6b52-9915-4030-bcdb-fd08dceaa305"
  Assets:CurrentAssets:AccountReceivable -2500 HKD
  type: "Invoice Payment"
  sourceId: "02d639a1-b138-4258-beef-c4856675669f"
  referenceNo: "453"
  orderId: "581f6b52-9915-4030-bcdb-fd08dceaa305"
  contact: "852 98481272 (Candy Cheung) [fbb55864-a89e-4bc1-93f6-3234f203962f]"
2024-08-02 * "Assets:CurrentAssets:Bank:BocSavingBank" "Invoice Payment for Invoice #471 #38698b02-1238-42ba-9b99-ac4c666d375e"
  Assets:CurrentAssets:Bank:BocSavingBank 4900 HKD
  type: "Invoice Payment"
  sourceId: "38698b02-1238-42ba-9b99-ac4c666d375e"
  referenceNo: "471"
  orderId: "1134424c-a8e4-488b-af19-82dc40f7737a"
  Assets:CurrentAssets:AccountReceivable -4900 HKD
  type: "Invoice Payment"
  sourceId: "38698b02-1238-42ba-9b99-ac4c666d375e"
  referenceNo: "471"
  orderId: "1134424c-a8e4-488b-af19-82dc40f7737a"
  contact: "852 98481272 (Candy Cheung) [fbb55864-a89e-4bc1-93f6-3234f203962f]"
2024-08-05 * "Bill #1055 ERIC~補貨/客訂"
  referenceNo: "1055"
  orderId: "0baa065f-3717-445a-ad4e-67ca2abce210"
  type: "Bill"
  Expenses:CostOfSales:Purchase:PurchaseItem:Buy18kJewelry 1752 CNY
  category: "Jewelry"
  sku: "DD2024080600000002"
  qty: 1
  referenceNo: "1055"
  orderId: "0baa065f-3717-445a-ad4e-67ca2abce210"
  type: "Bill Item"
  sourceId: "2b01cc46-8ef1-4637-b52d-e813528d961c"
  Expenses:CostOfSales:Purchase:PurchaseItem:Buy18kJewelry 2080 CNY
  category: "Jewelry"
  sku: "DD2024080600000003"
  qty: 1
  referenceNo: "1055"
  orderId: "0baa065f-3717-445a-ad4e-67ca2abce210"
  type: "Bill Item"
  sourceId: "0d12e5a9-1676-4043-97bc-97afd0b61d87"
  Expenses:CostOfSales:Purchase:PurchaseItem:Buy18kJewelry 1885 CNY
  category: "Jewelry"
  sku: "DD2024080600000001"
  qty: 1
  referenceNo: "1055"
  orderId: "0baa065f-3717-445a-ad4e-67ca2abce210"
  type: "Bill Item"
  sourceId: "39b68f88-5440-4564-97e7-62e01d0ffab9"
  Expenses:CostOfSales:Purchase:PurchaseItem:Buy18kJewelry 2080 CNY
  category: "Jewelry"
  sku: "DD2024080600000004"
  qty: 1
  referenceNo: "1055"
  orderId: "0baa065f-3717-445a-ad4e-67ca2abce210"
  type: "Bill Item"
  sourceId: "0a4651d3-558c-4e5a-8ca6-96c5cf01595a"
  Liabilities:CurrentLiabilities:AccountPayable
  referenceNo: "1055"
  orderId: "0baa065f-3717-445a-ad4e-67ca2abce210"
  type: "Bill"
  sourceId: "0baa065f-3717-445a-ad4e-67ca2abce210"
  contact: "86 97978678 (ERIC) [cb2cbf18-d8c3-40eb-a388-d7234ea70615]"
2024-08-06 * "Invoice #645 18K GIA DIAMOND RING SETTING"
  Income:Sales:SalesItem:SellDiamond -5900 HKD
  category: "Natural Diamond"
  sku: "DIA2406"
  qty: 1
  referenceNo: "645"
  orderId: "7259a242-f99d-4046-a830-874f2545572d"
  type: "Invoice Item"
  sourceId: "eb7f24dd-f259-4225-958c-e612a0006d39"
  Income:Sales:SalesItem:SellDiamond -5900 HKD
  category: "Natural Diamond"
  sku: "DIA2405"
  qty: 1
  referenceNo: "645"
  orderId: "7259a242-f99d-4046-a830-874f2545572d"
  type: "Invoice Item"
  sourceId: "820121dd-d47a-4a2a-9abd-919d72c638d6"
  Income:Sales:SalesItem:SellBespokeorotherFee -1200 HKD
  category: "Jewelry"
  sku: "DDBESPOKE00000046"
  qty: 1
  referenceNo: "645"
  orderId: "7259a242-f99d-4046-a830-874f2545572d"
  type: "Invoice Item"
  sourceId: "72e5dda0-2bb3-4c53-aba8-8c1ae5483173"
  Income:Sales:SalesItem:SellBespokeorotherFee -1200 HKD
  category: "Jewelry"
  sku: "DDBESPOKE00000045"
  qty: 1
  referenceNo: "645"
  orderId: "7259a242-f99d-4046-a830-874f2545572d"
  type: "Invoice Item"
  sourceId: "7924435c-de77-4fd0-b3ed-1e5a9eae8d74"
  Assets:CurrentAssets:AccountReceivable
  referenceNo: "645"
  orderId: "7259a242-f99d-4046-a830-874f2545572d"
  type: "Invoice"
  sourceId: "7259a242-f99d-4046-a830-874f2545572d"
  contact: "852 96607390 (MR. WONG KELVIN) [a730169a-cefc-4efd-89a1-0ff9aee47eab]"
2024-08-06 * "Assets:CurrentAssets:Bank:KpayBank" "Invoice Payment for Invoice #645 #6c28c6a2-ab9e-46d5-acee-2612b5f21a5c"
  Assets:CurrentAssets:Bank:KpayBank 10000 HKD
  type: "Invoice Payment"
  sourceId: "6c28c6a2-ab9e-46d5-acee-2612b5f21a5c"
  referenceNo: "645"
  orderId: "7259a242-f99d-4046-a830-874f2545572d"
  Assets:CurrentAssets:AccountReceivable -10000 HKD
  type: "Invoice Payment"
  sourceId: "6c28c6a2-ab9e-46d5-acee-2612b5f21a5c"
  referenceNo: "645"
  orderId: "7259a242-f99d-4046-a830-874f2545572d"
  contact: "852 96607390 (MR. WONG KELVIN) [a730169a-cefc-4efd-89a1-0ff9aee47eab]"
2024-08-06 * "Invoice #454 Stock Gold Jewellery"
  Income:Sales:SalesItem:SellGoldJewelry -11200 HKD
  category: "Gold Jewelry"
  sku: "DDFF23051204000000000037"
  qty: 1
  referenceNo: "454"
  orderId: "79741ca5-e7dc-461b-8400-f47e4c5136a3"
  type: "Invoice Item"
  sourceId: "9c7de376-e56f-458d-b4e7-813718c82a07"
  Assets:CurrentAssets:AccountReceivable
  referenceNo: "454"
  orderId: "79741ca5-e7dc-461b-8400-f47e4c5136a3"
  type: "Invoice"
  sourceId: "79741ca5-e7dc-461b-8400-f47e4c5136a3"
  contact: "880 802 (Walk in) [42348712-7daa-4c29-93b7-756b472429a4]"
2024-08-06 * "Assets:CurrentAssets:Bank:KpayBank" "Invoice Payment for Invoice #454 #a5db79e5-a119-476e-84d2-3459bf02e7ad"
  Assets:CurrentAssets:Bank:KpayBank 11200 HKD
  type: "Invoice Payment"
  sourceId: "a5db79e5-a119-476e-84d2-3459bf02e7ad"
  referenceNo: "454"
  orderId: "79741ca5-e7dc-461b-8400-f47e4c5136a3"
  Assets:CurrentAssets:AccountReceivable -11200 HKD
  type: "Invoice Payment"
  sourceId: "a5db79e5-a119-476e-84d2-3459bf02e7ad"
  referenceNo: "454"
  orderId: "79741ca5-e7dc-461b-8400-f47e4c5136a3"
  contact: "880 802 (Walk in) [42348712-7daa-4c29-93b7-756b472429a4]"
2024-08-06 * "Invoice #455 ERIC CLIENT"
  Income:Sales:SalesItem:SellDiamond -4321 USD
  category: "Natural Diamond"
  sku: "DDFFFFFF0800007376823217"
  qty: 1
  referenceNo: "455"
  orderId: "3ca5b8c5-ed7a-4a4d-9bec-ce073a8f4615"
  type: "Invoice Item"
  sourceId: "ca50cdd2-1735-447d-8bf0-235808c287fa"
  Assets:CurrentAssets:AccountReceivable
  referenceNo: "455"
  orderId: "3ca5b8c5-ed7a-4a4d-9bec-ce073a8f4615"
  type: "Invoice"
  sourceId: "3ca5b8c5-ed7a-4a4d-9bec-ce073a8f4615"
  contact: "880 802 (Walk in) [42348712-7daa-4c29-93b7-756b472429a4]"
2024-08-06 * "Assets:CurrentAssets:Cash:CashInHand" "Invoice Payment for Invoice #455 #f39c904e-6547-439a-a8d1-f29b6088146f"
  Assets:CurrentAssets:Cash:CashInHand 4321 USD
  type: "Invoice Payment"
  sourceId: "f39c904e-6547-439a-a8d1-f29b6088146f"
  referenceNo: "455"
  orderId: "3ca5b8c5-ed7a-4a4d-9bec-ce073a8f4615"
  Assets:CurrentAssets:AccountReceivable -4321 USD
  type: "Invoice Payment"
  sourceId: "f39c904e-6547-439a-a8d1-f29b6088146f"
  referenceNo: "455"
  orderId: "3ca5b8c5-ed7a-4a4d-9bec-ce073a8f4615"
  contact: "880 802 (Walk in) [42348712-7daa-4c29-93b7-756b472429a4]"
2024-08-07 * "Bill #1083 ANGLO ( DKK 24-25 )DKK JB INSURANCE "
  referenceNo: "1083"
  orderId: "6c7a55b8-6135-4177-b06a-067178a5afb0"
  type: "Bill"
  Expenses:GeneralExpense:BankFeesExpense 5 HKD
  qty: "1"
  description: "BANK FREE"
  referenceNo: "1083"
  orderId: "6c7a55b8-6135-4177-b06a-067178a5afb0"
  type: "Bill Item"
  sourceId: "0d7a98e6-6560-4847-8bcb-8587794d2f01"
  Expenses:GeneralExpense:Insurance 15105.09 HKD
  qty: "1"
  description: "ANGLO ( DKK 24-25 )DKK JB INSURANCE "
  referenceNo: "1083"
  orderId: "6c7a55b8-6135-4177-b06a-067178a5afb0"
  type: "Bill Item"
  sourceId: "317d5ca7-73ce-4da8-91b8-7beadca67965"
  Liabilities:CurrentLiabilities:AccountPayable
  referenceNo: "1083"
  orderId: "6c7a55b8-6135-4177-b06a-067178a5afb0"
  type: "Bill"
  sourceId: "6c7a55b8-6135-4177-b06a-067178a5afb0"
  contact: "880 806 () [53b8789a-4451-4a1f-84f7-a9c5da7ada1a]"
2024-08-07 * "Bill #1067 清潔姐姐薪金(08/24)"
  referenceNo: "1067"
  orderId: "b778b9ad-d17d-49ed-a8bf-3a924b560a1a"
  type: "Bill"
  Expenses:GeneralExpense:WagesAndSalaries 840 HKD
  qty: "1"
  description: "清潔姐姐薪金(08/24)"
  referenceNo: "1067"
  orderId: "b778b9ad-d17d-49ed-a8bf-3a924b560a1a"
  type: "Bill Item"
  sourceId: "a30f5d5b-e71b-486d-91ef-1bee301d7ee5"
  Liabilities:CurrentLiabilities:AccountPayable
  referenceNo: "1067"
  orderId: "b778b9ad-d17d-49ed-a8bf-3a924b560a1a"
  type: "Bill"
  sourceId: "b778b9ad-d17d-49ed-a8bf-3a924b560a1a"
  contact: "880 806 () [53b8789a-4451-4a1f-84f7-a9c5da7ada1a]"
2024-08-07 * "86 97978678 (ERIC) [cb2cbf18-d8c3-40eb-a388-d7234ea70615]" "Bill Payment for Bill #1072 #81c4d730-a553-4492-9837-1b5b56a71455"
  contact: "86 97978678 (ERIC) [cb2cbf18-d8c3-40eb-a388-d7234ea70615]"
  Liabilities:CurrentLiabilities:AccountPayable 5435 CNY
  type: "Bill Payment"
  sourceId: "81c4d730-a553-4492-9837-1b5b56a71455"
  referenceNo: "1072"
  orderId: "822c8365-298f-4ecb-9106-f163ccc60e5a"
  Liabilities:CurrentLiabilities:CurrentAccount:C-a-MilrichElectronicsHkCoLtd -5435 CNY
  type: "Bill Payment"
  sourceId: "81c4d730-a553-4492-9837-1b5b56a71455"
  referenceNo: "1072"
  orderId: "822c8365-298f-4ecb-9106-f163ccc60e5a"
2024-08-07 * "86 97978678 (ERIC) [cb2cbf18-d8c3-40eb-a388-d7234ea70615]" "Bill Payment for Bill #1127 #2af559a4-520c-45da-8273-2a1627d53da3"
  contact: "86 97978678 (ERIC) [cb2cbf18-d8c3-40eb-a388-d7234ea70615]"
  Liabilities:CurrentLiabilities:AccountPayable 7465 CNY
  type: "Bill Payment"
  sourceId: "2af559a4-520c-45da-8273-2a1627d53da3"
  referenceNo: "1127"
  orderId: "02893f14-996f-4e39-9bfd-591886118c59"
  Liabilities:CurrentLiabilities:CurrentAccount:C-a-MilrichElectronicsHkCoLtd -7465 CNY
  type: "Bill Payment"
  sourceId: "2af559a4-520c-45da-8273-2a1627d53da3"
  referenceNo: "1127"
  orderId: "02893f14-996f-4e39-9bfd-591886118c59"
2024-08-07 * "86 97978678 (ERIC) [cb2cbf18-d8c3-40eb-a388-d7234ea70615]" "Bill Payment for Bill #1244 #d0ca4d4e-4666-4bff-8370-24a14c948ad1"
  contact: "86 97978678 (ERIC) [cb2cbf18-d8c3-40eb-a388-d7234ea70615]"
  Liabilities:CurrentLiabilities:AccountPayable 3304 CNY
  type: "Bill Payment"
  sourceId: "d0ca4d4e-4666-4bff-8370-24a14c948ad1"
  referenceNo: "1244"
  orderId: "33ac7306-c7c9-44e6-b243-6070d7dcb990"
  Liabilities:CurrentLiabilities:CurrentAccount:C-a-MilrichElectronicsHkCoLtd -3304 CNY
  type: "Bill Payment"
  sourceId: "d0ca4d4e-4666-4bff-8370-24a14c948ad1"
  referenceNo: "1244"
  orderId: "33ac7306-c7c9-44e6-b243-6070d7dcb990"
2024-08-07 * "86 97978678 (ERIC) [cb2cbf18-d8c3-40eb-a388-d7234ea70615]" "Bill Payment for Bill #1128 #1fb78c4b-c43b-42cd-ac1d-4873fa93f657"
  contact: "86 97978678 (ERIC) [cb2cbf18-d8c3-40eb-a388-d7234ea70615]"
  Liabilities:CurrentLiabilities:AccountPayable 11519.84 CNY
  type: "Bill Payment"
  sourceId: "1fb78c4b-c43b-42cd-ac1d-4873fa93f657"
  referenceNo: "1128"
  orderId: "912b8d51-72b1-4451-a401-8f8771ed1645"
  Liabilities:CurrentLiabilities:CurrentAccount:C-a-MilrichElectronicsHkCoLtd -11519.84 CNY
  type: "Bill Payment"
  sourceId: "1fb78c4b-c43b-42cd-ac1d-4873fa93f657"
  referenceNo: "1128"
  orderId: "912b8d51-72b1-4451-a401-8f8771ed1645"
2024-08-07 * "86 97978678 (ERIC) [cb2cbf18-d8c3-40eb-a388-d7234ea70615]" "Bill Payment for Bill #1253 #7799ed6f-1b48-4056-965f-462e41702c09"
  contact: "86 97978678 (ERIC) [cb2cbf18-d8c3-40eb-a388-d7234ea70615]"
  Liabilities:CurrentLiabilities:AccountPayable 12022 CNY
  type: "Bill Payment"
  sourceId: "7799ed6f-1b48-4056-965f-462e41702c09"
  referenceNo: "1253"
  orderId: "bbb02985-c319-40a8-a7c5-f6c77dd97279"
  Liabilities:CurrentLiabilities:CurrentAccount:C-a-MilrichElectronicsHkCoLtd -12022 CNY
  type: "Bill Payment"
  sourceId: "7799ed6f-1b48-4056-965f-462e41702c09"
  referenceNo: "1253"
  orderId: "bbb02985-c319-40a8-a7c5-f6c77dd97279"
2024-08-07 * "86 97978678 (ERIC) [cb2cbf18-d8c3-40eb-a388-d7234ea70615]" "Bill Payment for Bill #1050 #909c812b-f8ff-4f52-ad38-204687e6544f"
  contact: "86 97978678 (ERIC) [cb2cbf18-d8c3-40eb-a388-d7234ea70615]"
  Liabilities:CurrentLiabilities:AccountPayable 8560 CNY
  type: "Bill Payment"
  sourceId: "909c812b-f8ff-4f52-ad38-204687e6544f"
  referenceNo: "1050"
  orderId: "1f098a64-1edd-46f9-a683-68f49323f2fa"
  Liabilities:CurrentLiabilities:CurrentAccount:C-a-MilrichElectronicsHkCoLtd -8560 CNY
  type: "Bill Payment"
  sourceId: "909c812b-f8ff-4f52-ad38-204687e6544f"
  referenceNo: "1050"
  orderId: "1f098a64-1edd-46f9-a683-68f49323f2fa"
2024-08-07 * "86 97978678 (ERIC) [cb2cbf18-d8c3-40eb-a388-d7234ea70615]" "Bill Payment for Bill #1070 #c2507b67-5ee4-4e1c-bc2c-ae5224e5e961"
  contact: "86 97978678 (ERIC) [cb2cbf18-d8c3-40eb-a388-d7234ea70615]"
  Liabilities:CurrentLiabilities:AccountPayable 24856.16 CNY
  type: "Bill Payment"
  sourceId: "c2507b67-5ee4-4e1c-bc2c-ae5224e5e961"
  referenceNo: "1070"
  orderId: "a15bbcdc-170c-41dd-ae15-47af2dc81710"
  Liabilities:CurrentLiabilities:CurrentAccount:C-a-MilrichElectronicsHkCoLtd -24856.16 CNY
  type: "Bill Payment"
  sourceId: "c2507b67-5ee4-4e1c-bc2c-ae5224e5e961"
  referenceNo: "1070"
  orderId: "a15bbcdc-170c-41dd-ae15-47af2dc81710"
2024-08-07 * "86 97978678 (ERIC) [cb2cbf18-d8c3-40eb-a388-d7234ea70615]" "Bill Payment for Bill #1080 #f8ab67a8-ed70-48c8-b9d4-984b9f29d72c"
  contact: "86 97978678 (ERIC) [cb2cbf18-d8c3-40eb-a388-d7234ea70615]"
  Liabilities:CurrentLiabilities:AccountPayable 4162 CNY
  type: "Bill Payment"
  sourceId: "f8ab67a8-ed70-48c8-b9d4-984b9f29d72c"
  referenceNo: "1080"
  orderId: "269b1133-2225-4041-9d6b-040bca4289ed"
  Liabilities:CurrentLiabilities:CurrentAccount:C-a-MilrichElectronicsHkCoLtd -4162 CNY
  type: "Bill Payment"
  sourceId: "f8ab67a8-ed70-48c8-b9d4-984b9f29d72c"
  referenceNo: "1080"
  orderId: "269b1133-2225-4041-9d6b-040bca4289ed"
2024-08-07 * "880 806 () [53b8789a-4451-4a1f-84f7-a9c5da7ada1a]" "Bill Payment for Bill #1067 #adfdb116-e0da-4d39-ae0e-dcc8c059aa42"
  contact: "880 806 () [53b8789a-4451-4a1f-84f7-a9c5da7ada1a]"
  Liabilities:CurrentLiabilities:AccountPayable 840 HKD
  type: "Bill Payment"
  sourceId: "adfdb116-e0da-4d39-ae0e-dcc8c059aa42"
  referenceNo: "1067"
  orderId: "b778b9ad-d17d-49ed-a8bf-3a924b560a1a"
  Liabilities:CurrentLiabilities:CurrentAccount:C-a-MilrichElectronicsHkCoLtd -840 HKD
  type: "Bill Payment"
  sourceId: "adfdb116-e0da-4d39-ae0e-dcc8c059aa42"
  referenceNo: "1067"
  orderId: "b778b9ad-d17d-49ed-a8bf-3a924b560a1a"
2024-08-07 * "86 97978678 (ERIC) [cb2cbf18-d8c3-40eb-a388-d7234ea70615]" "Bill Payment for Bill #1087 #4d081f80-7d87-4c20-aa21-1d264e701388"
  contact: "86 97978678 (ERIC) [cb2cbf18-d8c3-40eb-a388-d7234ea70615]"
  Liabilities:CurrentLiabilities:AccountPayable 2341 CNY
  type: "Bill Payment"
  sourceId: "4d081f80-7d87-4c20-aa21-1d264e701388"
  referenceNo: "1087"
  orderId: "5dacc89c-2e5b-4a92-8d43-e1b7b1f9e3ca"
  Liabilities:CurrentLiabilities:CurrentAccount:C-a-MilrichElectronicsHkCoLtd -2341 CNY
  type: "Bill Payment"
  sourceId: "4d081f80-7d87-4c20-aa21-1d264e701388"
  referenceNo: "1087"
  orderId: "5dacc89c-2e5b-4a92-8d43-e1b7b1f9e3ca"
2024-08-07 * "86 97978678 (ERIC) [cb2cbf18-d8c3-40eb-a388-d7234ea70615]" "Bill Payment for Bill #1122 #c65210c2-4a16-483e-b983-948a52d2e818"
  contact: "86 97978678 (ERIC) [cb2cbf18-d8c3-40eb-a388-d7234ea70615]"
  Liabilities:CurrentLiabilities:AccountPayable 4600 CNY
  type: "Bill Payment"
  sourceId: "c65210c2-4a16-483e-b983-948a52d2e818"
  referenceNo: "1122"
  orderId: "882352d6-ce3e-41d5-9885-c535f9755f18"
  Liabilities:CurrentLiabilities:CurrentAccount:C-a-MilrichElectronicsHkCoLtd -4600 CNY
  type: "Bill Payment"
  sourceId: "c65210c2-4a16-483e-b983-948a52d2e818"
  referenceNo: "1122"
  orderId: "882352d6-ce3e-41d5-9885-c535f9755f18"
2024-08-07 * "86 97978678 (ERIC) [cb2cbf18-d8c3-40eb-a388-d7234ea70615]" "Bill Payment for Bill #1098 #76c1ac66-e16c-478d-8e49-33b6f76ef055"
  contact: "86 97978678 (ERIC) [cb2cbf18-d8c3-40eb-a388-d7234ea70615]"
  Liabilities:CurrentLiabilities:AccountPayable 12885 CNY
  type: "Bill Payment"
  sourceId: "76c1ac66-e16c-478d-8e49-33b6f76ef055"
  referenceNo: "1098"
  orderId: "44521e6e-3796-4c61-ae95-d00df417645e"
  Liabilities:CurrentLiabilities:CurrentAccount:C-a-MilrichElectronicsHkCoLtd -12885 CNY
  type: "Bill Payment"
  sourceId: "76c1ac66-e16c-478d-8e49-33b6f76ef055"
  referenceNo: "1098"
  orderId: "44521e6e-3796-4c61-ae95-d00df417645e"
2024-08-07 * "880 806 () [53b8789a-4451-4a1f-84f7-a9c5da7ada1a]" "Bill Payment for Bill #1083 #644b3fd4-7e25-4212-9d12-247a3c1eb297"
  contact: "880 806 () [53b8789a-4451-4a1f-84f7-a9c5da7ada1a]"
  Liabilities:CurrentLiabilities:AccountPayable 5 HKD
  type: "Bill Payment"
  sourceId: "644b3fd4-7e25-4212-9d12-247a3c1eb297"
  referenceNo: "1083"
  orderId: "6c7a55b8-6135-4177-b06a-067178a5afb0"
  Assets:CurrentAssets:Bank:BocSavingBank -5 HKD
  type: "Bill Payment"
  sourceId: "644b3fd4-7e25-4212-9d12-247a3c1eb297"
  referenceNo: "1083"
  orderId: "6c7a55b8-6135-4177-b06a-067178a5afb0"
2024-08-07 * "880 806 () [53b8789a-4451-4a1f-84f7-a9c5da7ada1a]" "Bill Payment for Bill #1083 #f271a4cd-9f48-489c-9ba4-ce959a6c7114"
  contact: "880 806 () [53b8789a-4451-4a1f-84f7-a9c5da7ada1a]"
  Liabilities:CurrentLiabilities:AccountPayable 15105.09 HKD
  type: "Bill Payment"
  sourceId: "f271a4cd-9f48-489c-9ba4-ce959a6c7114"
  referenceNo: "1083"
  orderId: "6c7a55b8-6135-4177-b06a-067178a5afb0"
  Assets:CurrentAssets:Bank:BocSavingBank -15105.09 HKD
  type: "Bill Payment"
  sourceId: "f271a4cd-9f48-489c-9ba4-ce959a6c7114"
  referenceNo: "1083"
  orderId: "6c7a55b8-6135-4177-b06a-067178a5afb0"
2024-08-08 * "Bill #1071 GIA DIAMONDS"
  referenceNo: "1071"
  orderId: "594f60ee-29df-42ab-8b27-5e35d5526ecd"
  type: "Bill"
  Expenses:CostOfSales:Purchase:PurchaseItem:BuyDiamond 5100 HKD
  category: "Natural Diamond"
  sku: "DIA2405"
  qty: 1
  referenceNo: "1071"
  orderId: "594f60ee-29df-42ab-8b27-5e35d5526ecd"
  type: "Bill Item"
  sourceId: "cfdc6660-3a15-4503-9fed-bdf7c33e0445"
  Expenses:CostOfSales:Purchase:PurchaseItem:BuyDiamond 5100 HKD
  category: "Natural Diamond"
  sku: "DIA2406"
  qty: 1
  referenceNo: "1071"
  orderId: "594f60ee-29df-42ab-8b27-5e35d5526ecd"
  type: "Bill Item"
  sourceId: "9bdde1cd-3b4e-43df-ba20-ef6a75e98bd4"
  Expenses:GeneralExpense:BankFeesExpense 5 HKD
  qty: "1"
  description: "BANK FEE"
  referenceNo: "1071"
  orderId: "594f60ee-29df-42ab-8b27-5e35d5526ecd"
  type: "Bill Item"
  sourceId: "a0bb5f37-b954-4f9b-8887-e08954652baf"
  Liabilities:CurrentLiabilities:AccountPayable
  referenceNo: "1071"
  orderId: "594f60ee-29df-42ab-8b27-5e35d5526ecd"
  type: "Bill"
  sourceId: "594f60ee-29df-42ab-8b27-5e35d5526ecd"
  contact: "852 94146156 (TVESA JEWELLERY) [8cc7c062-c5f9-4f33-a646-61a8bb519ca9]"
2024-08-08 * "852 94146156 (TVESA JEWELLERY) [8cc7c062-c5f9-4f33-a646-61a8bb519ca9]" "Bill Payment for Bill #1071 #c2804172-b700-49e8-a8ee-207ff1bf97ab"
  contact: "852 94146156 (TVESA JEWELLERY) [8cc7c062-c5f9-4f33-a646-61a8bb519ca9]"
  Liabilities:CurrentLiabilities:AccountPayable 10200 HKD
  type: "Bill Payment"
  sourceId: "c2804172-b700-49e8-a8ee-207ff1bf97ab"
  referenceNo: "1071"
  orderId: "594f60ee-29df-42ab-8b27-5e35d5526ecd"
  Assets:CurrentAssets:Bank:BocSavingBank -10200 HKD
  type: "Bill Payment"
  sourceId: "c2804172-b700-49e8-a8ee-207ff1bf97ab"
  referenceNo: "1071"
  orderId: "594f60ee-29df-42ab-8b27-5e35d5526ecd"
2024-08-08 * "852 94146156 (TVESA JEWELLERY) [8cc7c062-c5f9-4f33-a646-61a8bb519ca9]" "Bill Payment for Bill #1071 #f243de9f-11de-457e-b756-e17de36a735f"
  contact: "852 94146156 (TVESA JEWELLERY) [8cc7c062-c5f9-4f33-a646-61a8bb519ca9]"
  Liabilities:CurrentLiabilities:AccountPayable 5 HKD
  type: "Bill Payment"
  sourceId: "f243de9f-11de-457e-b756-e17de36a735f"
  referenceNo: "1071"
  orderId: "594f60ee-29df-42ab-8b27-5e35d5526ecd"
  Assets:CurrentAssets:Bank:BocSavingBank -5 HKD
  type: "Bill Payment"
  sourceId: "f243de9f-11de-457e-b756-e17de36a735f"
  referenceNo: "1071"
  orderId: "594f60ee-29df-42ab-8b27-5e35d5526ecd"
2024-08-08 * "Invoice #464 Staff~ Vida Stock Gold Jewellery 50.12g"
  Income:Sales:SalesItem:SellGoldJewelry -13600 HKD
  category: "Gold Jewelry"
  sku: "DDFF23051204000000000024"
  qty: 1
  referenceNo: "464"
  orderId: "4d2142ca-0485-4a79-a08f-85221fa7119f"
  type: "Invoice Item"
  sourceId: "86a0f724-e77e-4b2b-9e78-f234541877bd"
  Income:Sales:SalesItem:SellGoldJewelry -13000 HKD
  category: "Gold Jewelry"
  sku: "DDFF23051204000000000027"
  qty: 1
  referenceNo: "464"
  orderId: "4d2142ca-0485-4a79-a08f-85221fa7119f"
  type: "Invoice Item"
  sourceId: "9500881c-e5df-4deb-afa5-c3dbf4bff1ad"
  Assets:CurrentAssets:AccountReceivable
  referenceNo: "464"
  orderId: "4d2142ca-0485-4a79-a08f-85221fa7119f"
  type: "Invoice"
  sourceId: "4d2142ca-0485-4a79-a08f-85221fa7119f"
  contact: "852 90551171 (VIDA) [e6849602-7837-4c55-9238-f7eacce03b4f]"
2024-08-08 * "Invoice #467 R24131 RG #11"
  Income:Sales:SalesItem:Sell18kJewelry -2500 HKD
  category: "Jewelry"
  sku: "DD2024080600000002"
  qty: 1
  referenceNo: "467"
  orderId: "2e7e6e55-cd74-4116-b1ef-08e9896103d2"
  type: "Invoice Item"
  sourceId: "be432344-99a2-4170-b0e2-5e4bd874720a"
  Assets:CurrentAssets:AccountReceivable
  referenceNo: "467"
  orderId: "2e7e6e55-cd74-4116-b1ef-08e9896103d2"
  type: "Invoice"
  sourceId: "2e7e6e55-cd74-4116-b1ef-08e9896103d2"
  contact: "852 93756959 (Yan) [80b16317-49f1-46b7-bec2-60bb5331f2f8]"
2024-08-08 * "Invoice #466 Staff~ Vida Stock Gold Jewellery 96.85g"
  Income:Sales:SalesItem:SellGoldJewelry -12800 HKD
  category: "Gold Jewelry"
  sku: "DDFF23051704000000000043"
  qty: 1
  referenceNo: "466"
  orderId: "0bd861ca-158d-4252-b762-e16ac33fcb2b"
  type: "Invoice Item"
  sourceId: "a8526ee4-9c16-4328-8c4d-b75b8c4d2336"
  Income:Sales:SalesItem:SellGoldJewelry -3600 HKD
  category: "Gold Jewelry"
  sku: "DDFF23051701000000000001"
  qty: 1
  referenceNo: "466"
  orderId: "0bd861ca-158d-4252-b762-e16ac33fcb2b"
  type: "Invoice Item"
  sourceId: "9cfceb84-b4a9-4093-a1e4-751053cfbe77"
  Income:Sales:SalesItem:SellGoldJewelry -16000 HKD
  category: "Gold Jewelry"
  sku: "DDFF23051704000000000045"
  qty: 1
  referenceNo: "466"
  orderId: "0bd861ca-158d-4252-b762-e16ac33fcb2b"
  type: "Invoice Item"
  sourceId: "b5573854-68a9-4e06-94e9-9a1808069b5d"
  Income:Sales:SalesItem:SellGoldJewelry -15700 HKD
  category: "Gold Jewelry"
  sku: "DDFF23051204000000000044"
  qty: 1
  referenceNo: "466"
  orderId: "0bd861ca-158d-4252-b762-e16ac33fcb2b"
  type: "Invoice Item"
  sourceId: "f0e83585-64fe-4ec2-bd7d-cf2f2bd3ab51"
  Income:Sales:SalesItem:SellGoldJewelry -3800 HKD
  category: "Gold Jewelry"
  sku: "DDFF23051701000000000002"
  qty: 1
  referenceNo: "466"
  orderId: "0bd861ca-158d-4252-b762-e16ac33fcb2b"
  type: "Invoice Item"
  sourceId: "d5c7359b-5869-43dc-bb90-2efcaf57bebd"
  Assets:CurrentAssets:AccountReceivable
  referenceNo: "466"
  orderId: "0bd861ca-158d-4252-b762-e16ac33fcb2b"
  type: "Invoice"
  sourceId: "0bd861ca-158d-4252-b762-e16ac33fcb2b"
  contact: "852 90551171 (VIDA) [e6849602-7837-4c55-9238-f7eacce03b4f]"
2024-08-08 * "Bill #1070 ERIC~補貨/客訂"
  referenceNo: "1070"
  orderId: "a15bbcdc-170c-41dd-ae15-47af2dc81710"
  type: "Bill"
  Expenses:CostOfSales:Purchase:PurchaseItem:Buy18kJewelry 2666.23 CNY
  category: "Jewelry"
  sku: "DD2024080700000006"
  qty: 1
  referenceNo: "1070"
  orderId: "a15bbcdc-170c-41dd-ae15-47af2dc81710"
  type: "Bill Item"
  sourceId: "fd2e0ada-541c-409d-8a44-7d9a3c25ab71"
  Expenses:CostOfSales:Purchase:PurchaseItem:Buy18kJewelry 2666.23 CNY
  category: "Jewelry"
  sku: "DD2024080700000005"
  qty: 1
  referenceNo: "1070"
  orderId: "a15bbcdc-170c-41dd-ae15-47af2dc81710"
  type: "Bill Item"
  sourceId: "268983b4-daa5-4352-b28b-49f13b7a1e76"
  Expenses:CostOfSales:Purchase:PurchaseItem:Buy18kJewelry 2067.94 CNY
  category: "Jewelry"
  sku: "DD2024080700000004"
  qty: 1
  referenceNo: "1070"
  orderId: "a15bbcdc-170c-41dd-ae15-47af2dc81710"
  type: "Bill Item"
  sourceId: "a544fd1f-3d1b-4b76-813a-f12669d7bf4b"
  Expenses:CostOfSales:Purchase:PurchaseItem:Buy18kJewelry 1968.03 CNY
  category: "Jewelry"
  sku: "DD2024080700000008"
  qty: 1
  referenceNo: "1070"
  orderId: "a15bbcdc-170c-41dd-ae15-47af2dc81710"
  type: "Bill Item"
  sourceId: "bfb2b71b-95b7-4900-9814-bafcbf64d372"
  Expenses:CostOfSales:Purchase:PurchaseItem:Buy18kJewelry 2067.94 CNY
  category: "Jewelry"
  sku: "DD2024080700000003"
  qty: 1
  referenceNo: "1070"
  orderId: "a15bbcdc-170c-41dd-ae15-47af2dc81710"
  type: "Bill Item"
  sourceId: "fc4bf879-c30d-4456-a174-11b434a62e72"
  Expenses:CostOfSales:Purchase:PurchaseItem:Buy18kJewelry 3432.84 CNY
  category: "Jewelry"
  sku: "DD2024080700000010"
  qty: 1
  referenceNo: "1070"
  orderId: "a15bbcdc-170c-41dd-ae15-47af2dc81710"
  type: "Bill Item"
  sourceId: "136ac1a0-2e7c-4f0d-ba40-1b6c43f968dc"
  Expenses:CostOfSales:Purchase:PurchaseItem:Buy18kJewelry 2740.94 CNY
  category: "Jewelry"
  sku: "DD2024080700000007"
  qty: 1
  referenceNo: "1070"
  orderId: "a15bbcdc-170c-41dd-ae15-47af2dc81710"
  type: "Bill Item"
  sourceId: "16ec5e5f-bc3f-4f35-96e1-49d7cfaa9c9e"
  Expenses:CostOfSales:Purchase:PurchaseItem:Buy18kJewelry 1968.03 CNY
  category: "Jewelry"
  sku: "DD2024080700000009"
  qty: 1
  referenceNo: "1070"
  orderId: "a15bbcdc-170c-41dd-ae15-47af2dc81710"
  type: "Bill Item"
  sourceId: "6ed008e5-6e01-4964-9826-f3382a84793a"
  Expenses:CostOfSales:Purchase:PurchaseItem:Buy18kJewelry 2638.99 CNY
  category: "Jewelry"
  sku: "DD2024080700000011"
  qty: 1
  referenceNo: "1070"
  orderId: "a15bbcdc-170c-41dd-ae15-47af2dc81710"
  type: "Bill Item"
  sourceId: "37b29b6d-93b9-4403-9959-643785b0596f"
  Expenses:CostOfSales:Purchase:PurchaseItem:Buy18kJewelry 2638.99 CNY
  category: "Jewelry"
  sku: "DD2024080700000012"
  qty: 1
  referenceNo: "1070"
  orderId: "a15bbcdc-170c-41dd-ae15-47af2dc81710"
  type: "Bill Item"
  sourceId: "62db7e61-3400-4a7f-93a0-4601d3692301"
  Liabilities:CurrentLiabilities:AccountPayable
  referenceNo: "1070"
  orderId: "a15bbcdc-170c-41dd-ae15-47af2dc81710"
  type: "Bill"
  sourceId: "a15bbcdc-170c-41dd-ae15-47af2dc81710"
  contact: "86 97978678 (ERIC) [cb2cbf18-d8c3-40eb-a388-d7234ea70615]"
2024-08-08 * "Bill #1069 ERIC~補貨/客訂"
  referenceNo: "1069"
  orderId: "cf9060ae-72de-4e75-aa75-94bc84fdebfb"
  type: "Bill"
  Expenses:CostOfSales:Purchase:PurchaseItem:Buy18kJewelry 4149 CNY
  category: "Jewelry"
  sku: "DD2024080700000001"
  qty: 1
  referenceNo: "1069"
  orderId: "cf9060ae-72de-4e75-aa75-94bc84fdebfb"
  type: "Bill Item"
  sourceId: "0aa3b2b7-0d83-4fc5-98f8-a1631fee595c"
  Expenses:CostOfSales:Purchase:PurchaseItem:Buy18kJewelry 1889 CNY
  category: "Jewelry"
  sku: "DD2024080700000002"
  qty: 1
  referenceNo: "1069"
  orderId: "cf9060ae-72de-4e75-aa75-94bc84fdebfb"
  type: "Bill Item"
  sourceId: "748c46da-3536-4369-9482-3ab9ec436771"
  Liabilities:CurrentLiabilities:AccountPayable
  referenceNo: "1069"
  orderId: "cf9060ae-72de-4e75-aa75-94bc84fdebfb"
  type: "Bill"
  sourceId: "cf9060ae-72de-4e75-aa75-94bc84fdebfb"
  contact: "86 97978678 (ERIC) [cb2cbf18-d8c3-40eb-a388-d7234ea70615]"
2024-08-08 * "Assets:CurrentAssets:Bank:BocSavingBank" "Invoice Payment for Invoice #464 #edd81f33-fd7e-4311-9747-bbd8fecf51de"
  Assets:CurrentAssets:Bank:BocSavingBank 26600 HKD
  type: "Invoice Payment"
  sourceId: "edd81f33-fd7e-4311-9747-bbd8fecf51de"
  referenceNo: "464"
  orderId: "4d2142ca-0485-4a79-a08f-85221fa7119f"
  Assets:CurrentAssets:AccountReceivable -26600 HKD
  type: "Invoice Payment"
  sourceId: "edd81f33-fd7e-4311-9747-bbd8fecf51de"
  referenceNo: "464"
  orderId: "4d2142ca-0485-4a79-a08f-85221fa7119f"
  contact: "852 90551171 (VIDA) [e6849602-7837-4c55-9238-f7eacce03b4f]"
2024-08-09 * "Invoice #465 N24134 WG"
  Income:Sales:SalesItem:Sell18kJewelry -3880 HKD
  category: "Jewelry"
  sku: "DD2024071600000001"
  qty: 1
  referenceNo: "465"
  orderId: "7db3ac68-bc02-4494-9525-dc828ccfaa8d"
  type: "Invoice Item"
  sourceId: "a4cc51bc-abf1-427d-8165-e90dbaf7b8f1"
  Assets:CurrentAssets:AccountReceivable
  referenceNo: "465"
  orderId: "7db3ac68-bc02-4494-9525-dc828ccfaa8d"
  type: "Invoice"
  sourceId: "7db3ac68-bc02-4494-9525-dc828ccfaa8d"
  contact: "852 62786000 (MR CHEUNG) [9cf942d9-e18d-4e6c-b644-46d9fa401517]"
2024-08-09 * "Assets:CurrentAssets:Bank:KpayBank" "Invoice Payment for Invoice #465 #171f7890-c4a3-437b-aa9d-1614222c155d"
  Assets:CurrentAssets:Bank:KpayBank 3880 HKD
  type: "Invoice Payment"
  sourceId: "171f7890-c4a3-437b-aa9d-1614222c155d"
  referenceNo: "465"
  orderId: "7db3ac68-bc02-4494-9525-dc828ccfaa8d"
  Assets:CurrentAssets:AccountReceivable -3880 HKD
  type: "Invoice Payment"
  sourceId: "171f7890-c4a3-437b-aa9d-1614222c155d"
  referenceNo: "465"
  orderId: "7db3ac68-bc02-4494-9525-dc828ccfaa8d"
  contact: "852 62786000 (MR CHEUNG) [9cf942d9-e18d-4e6c-b644-46d9fa401517]"
2024-08-10 * "Assets:CurrentAssets:Bank:BocSavingBank" "Invoice Payment for Invoice #466 #88124372-1614-4b4f-9af2-2508063d322a"
  Assets:CurrentAssets:Bank:BocSavingBank 10000 HKD
  type: "Invoice Payment"
  sourceId: "88124372-1614-4b4f-9af2-2508063d322a"
  referenceNo: "466"
  orderId: "0bd861ca-158d-4252-b762-e16ac33fcb2b"
  Assets:CurrentAssets:AccountReceivable -10000 HKD
  type: "Invoice Payment"
  sourceId: "88124372-1614-4b4f-9af2-2508063d322a"
  referenceNo: "466"
  orderId: "0bd861ca-158d-4252-b762-e16ac33fcb2b"
  contact: "852 90551171 (VIDA) [e6849602-7837-4c55-9238-f7eacce03b4f]"
2024-08-10 * "Assets:CurrentAssets:Bank:BocSavingBank" "Invoice Payment for Invoice #466 #c404456c-ecb1-49f6-bcf5-64c19689b6a8"
  Assets:CurrentAssets:Bank:BocSavingBank 21900 HKD
  type: "Invoice Payment"
  sourceId: "c404456c-ecb1-49f6-bcf5-64c19689b6a8"
  referenceNo: "466"
  orderId: "0bd861ca-158d-4252-b762-e16ac33fcb2b"
  Assets:CurrentAssets:AccountReceivable -21900 HKD
  type: "Invoice Payment"
  sourceId: "c404456c-ecb1-49f6-bcf5-64c19689b6a8"
  referenceNo: "466"
  orderId: "0bd861ca-158d-4252-b762-e16ac33fcb2b"
  contact: "852 90551171 (VIDA) [e6849602-7837-4c55-9238-f7eacce03b4f]"
2024-08-10 * "Assets:CurrentAssets:Cash:CashInHand" "Invoice Payment for Invoice #466 #f44fad5e-0b66-47be-8176-ae055d56cdff"
  Assets:CurrentAssets:Cash:CashInHand 20000 HKD
  type: "Invoice Payment"
  sourceId: "f44fad5e-0b66-47be-8176-ae055d56cdff"
  referenceNo: "466"
  orderId: "0bd861ca-158d-4252-b762-e16ac33fcb2b"
  Assets:CurrentAssets:AccountReceivable -20000 HKD
  type: "Invoice Payment"
  sourceId: "f44fad5e-0b66-47be-8176-ae055d56cdff"
  referenceNo: "466"
  orderId: "0bd861ca-158d-4252-b762-e16ac33fcb2b"
  contact: "852 90551171 (VIDA) [e6849602-7837-4c55-9238-f7eacce03b4f]"
2024-08-10 * "Invoice #468 Stock Gold Jewellery 1.85g"
  Income:Sales:SalesItem:SellGoldJewelry -1200 HKD
  category: "Gold Jewelry"
  sku: "DD2310200000000000000037"
  qty: 1
  referenceNo: "468"
  orderId: "8b09a93f-f7a5-46f7-84ed-0880e8e8feef"
  type: "Invoice Item"
  sourceId: "d1d1894a-d017-415d-97ba-97e953a97867"
  Assets:CurrentAssets:AccountReceivable
  referenceNo: "468"
  orderId: "8b09a93f-f7a5-46f7-84ed-0880e8e8feef"
  type: "Invoice"
  sourceId: "8b09a93f-f7a5-46f7-84ed-0880e8e8feef"
  contact: "880 802 (Walk in) [42348712-7daa-4c29-93b7-756b472429a4]"
2024-08-10 * "Assets:CurrentAssets:Bank:KpayBank" "Invoice Payment for Invoice #468 #01e9f86a-0088-417b-86dc-402d172ffa03"
  Assets:CurrentAssets:Bank:KpayBank 1200 HKD
  type: "Invoice Payment"
  sourceId: "01e9f86a-0088-417b-86dc-402d172ffa03"
  referenceNo: "468"
  orderId: "8b09a93f-f7a5-46f7-84ed-0880e8e8feef"
  Assets:CurrentAssets:AccountReceivable -1200 HKD
  type: "Invoice Payment"
  sourceId: "01e9f86a-0088-417b-86dc-402d172ffa03"
  referenceNo: "468"
  orderId: "8b09a93f-f7a5-46f7-84ed-0880e8e8feef"
  contact: "880 802 (Walk in) [42348712-7daa-4c29-93b7-756b472429a4]"
2024-08-10 * "Invoice #469 Stock Gold Jewellery "
  Income:Sales:SalesItem:SellGoldJewelry -880 HKD
  category: "Gold Jewelry"
  sku: "DD2310200000000000000054"
  qty: 1
  referenceNo: "469"
  orderId: "477c8dc1-95bf-4c68-bdb3-eca32dc4f8fd"
  type: "Invoice Item"
  sourceId: "026f1878-8576-44dc-bd1a-40d105661eb0"
  Assets:CurrentAssets:AccountReceivable
  referenceNo: "469"
  orderId: "477c8dc1-95bf-4c68-bdb3-eca32dc4f8fd"
  type: "Invoice"
  sourceId: "477c8dc1-95bf-4c68-bdb3-eca32dc4f8fd"
  contact: "880 802 (Walk in) [42348712-7daa-4c29-93b7-756b472429a4]"
2024-08-10 * "Assets:CurrentAssets:Bank:KpayBank" "Invoice Payment for Invoice #469 #02ee9a88-bdd9-44ca-abc2-90a59b41c19b"
  Assets:CurrentAssets:Bank:KpayBank 880 HKD
  type: "Invoice Payment"
  sourceId: "02ee9a88-bdd9-44ca-abc2-90a59b41c19b"
  referenceNo: "469"
  orderId: "477c8dc1-95bf-4c68-bdb3-eca32dc4f8fd"
  Assets:CurrentAssets:AccountReceivable -880 HKD
  type: "Invoice Payment"
  sourceId: "02ee9a88-bdd9-44ca-abc2-90a59b41c19b"
  referenceNo: "469"
  orderId: "477c8dc1-95bf-4c68-bdb3-eca32dc4f8fd"
  contact: "880 802 (Walk in) [42348712-7daa-4c29-93b7-756b472429a4]"
2024-08-10 * "Invoice #470 櫻粉漸變戒指#19 彩虹漸變戒指(方石無鑽版)#20"
  Income:Sales:SalesItem:Sell18kJewelry -4900 HKD
  category: "Jewelry"
  sku: "DD2024080700000001"
  qty: 1
  referenceNo: "470"
  orderId: "d46cedeb-f438-42a7-8eea-82d8c36a36ae"
  type: "Invoice Item"
  sourceId: "db9ea7b9-d518-439a-be14-a0e79ee32aea"
  Income:Sales:SalesItem:Sell18kJewelry -2500 HKD
  category: "Jewelry"
  sku: "DD2024080700000002"
  qty: 1
  referenceNo: "470"
  orderId: "d46cedeb-f438-42a7-8eea-82d8c36a36ae"
  type: "Invoice Item"
  sourceId: "b458bd4d-658d-462d-a250-452bc871a5aa"
  Assets:CurrentAssets:AccountReceivable
  referenceNo: "470"
  orderId: "d46cedeb-f438-42a7-8eea-82d8c36a36ae"
  type: "Invoice"
  sourceId: "d46cedeb-f438-42a7-8eea-82d8c36a36ae"
  contact: "852 93879784 (Miss Leung) [ca5e4115-d9fe-423e-b487-f3412230867c]"
2024-08-10 * "Invoice #471 R24127 #16"
  Income:Sales:SalesItem:Sell18kJewelry -4900 HKD
  category: "Jewelry"
  sku: "DD2024080700000001"
  qty: 1
  referenceNo: "471"
  orderId: "1134424c-a8e4-488b-af19-82dc40f7737a"
  type: "Invoice Item"
  sourceId: "ab63a1ff-efaa-42ed-9a1b-00ef4be7b3df"
  Assets:CurrentAssets:AccountReceivable
  referenceNo: "471"
  orderId: "1134424c-a8e4-488b-af19-82dc40f7737a"
  type: "Invoice"
  sourceId: "1134424c-a8e4-488b-af19-82dc40f7737a"
  contact: "852 98481272 (Candy Cheung) [fbb55864-a89e-4bc1-93f6-3234f203962f]"
2024-08-10 * "Bill #1072 ERIC~補貨/客訂"
  referenceNo: "1072"
  orderId: "822c8365-298f-4ecb-9106-f163ccc60e5a"
  type: "Bill"
  Expenses:CostOfSales:Purchase:PurchaseItem:Buy18kJewelry 3695 CNY
  category: "Jewelry"
  sku: "DD2024080700000001"
  qty: 1
  referenceNo: "1072"
  orderId: "822c8365-298f-4ecb-9106-f163ccc60e5a"
  type: "Bill Item"
  sourceId: "644398e4-026c-4223-ba29-9e72de26423d"
  Expenses:CostOfSales:Purchase:PurchaseItem:Buy18kJewelry 1752 CNY
  category: "Jewelry"
  sku: "DD2024080700000002"
  qty: 1
  referenceNo: "1072"
  orderId: "822c8365-298f-4ecb-9106-f163ccc60e5a"
  type: "Bill Item"
  sourceId: "ec185c12-ac50-474d-b36f-62483eeffb2c"
  Expenses:CostOfSales:Purchase:PurchaseItem:Buy18kJewelry -12 CNY
  qty: "1"
  description: " 減CNY12鑲嵌工費"
  referenceNo: "1072"
  orderId: "822c8365-298f-4ecb-9106-f163ccc60e5a"
  type: "Bill Item"
  sourceId: "4f7c2c86-38a6-4f1c-9424-110c6d901b6b"
  Liabilities:CurrentLiabilities:AccountPayable
  referenceNo: "1072"
  orderId: "822c8365-298f-4ecb-9106-f163ccc60e5a"
  type: "Bill"
  sourceId: "822c8365-298f-4ecb-9106-f163ccc60e5a"
  contact: "86 97978678 (ERIC) [cb2cbf18-d8c3-40eb-a388-d7234ea70615]"
2024-08-11 * "Invoice #472 R24132 RUBY RING #13 N24135 SAPPHIRE NECKLACE"
  Income:Sales:SalesItem:Sell18kJewelry -3800 HKD
  category: "Jewelry"
  sku: "DD2024071600000005"
  qty: 1
  referenceNo: "472"
  orderId: "b9824add-fb46-437f-88a4-512ca2bf4c4f"
  type: "Invoice Item"
  sourceId: "1a1a5931-fbf5-4f43-8e6a-0e441c29fcfb"
  Income:Sales:SalesItem:Sell18kJewelry -8000 HKD
  category: "Jewelry"
  sku: "DD2024072200000001"
  qty: 1
  referenceNo: "472"
  orderId: "b9824add-fb46-437f-88a4-512ca2bf4c4f"
  type: "Invoice Item"
  sourceId: "89e44488-7b3d-4616-b43f-8462951e848e"
  Assets:CurrentAssets:AccountReceivable
  referenceNo: "472"
  orderId: "b9824add-fb46-437f-88a4-512ca2bf4c4f"
  type: "Invoice"
  sourceId: "b9824add-fb46-437f-88a4-512ca2bf4c4f"
  contact: "852 93694120 (Miss Chan) [a44241a6-abef-4555-a7f2-367b45278ad5]"
2024-08-12 * "Bill #1078 DKK 吸塵機配件"
  referenceNo: "1078"
  orderId: "7c631417-ac4c-44b1-b118-18c78ffc2445"
  type: "Bill"
  Expenses:GeneralExpense:OfficeExpenses 300 HKD
  qty: "1"
  description: "DKK 吸塵機配件"
  referenceNo: "1078"
  orderId: "7c631417-ac4c-44b1-b118-18c78ffc2445"
  type: "Bill Item"
  sourceId: "dfe31d61-5348-40f5-9d4d-bc00043fdf1e"
  Liabilities:CurrentLiabilities:AccountPayable
  referenceNo: "1078"
  orderId: "7c631417-ac4c-44b1-b118-18c78ffc2445"
  type: "Bill"
  sourceId: "7c631417-ac4c-44b1-b118-18c78ffc2445"
  contact: "880 806 () [53b8789a-4451-4a1f-84f7-a9c5da7ada1a]"
2024-08-12 * "880 806 () [53b8789a-4451-4a1f-84f7-a9c5da7ada1a]" "Bill Payment for Bill #1078 #f3bfefbe-8454-4a61-ad71-fe42fd2f4397"
  contact: "880 806 () [53b8789a-4451-4a1f-84f7-a9c5da7ada1a]"
  Liabilities:CurrentLiabilities:AccountPayable 300 HKD
  type: "Bill Payment"
  sourceId: "f3bfefbe-8454-4a61-ad71-fe42fd2f4397"
  referenceNo: "1078"
  orderId: "7c631417-ac4c-44b1-b118-18c78ffc2445"
  Liabilities:CurrentLiabilities:CurrentAccount:C-a-MilrichElectronicsHkCoLtd -300 HKD
  type: "Bill Payment"
  sourceId: "f3bfefbe-8454-4a61-ad71-fe42fd2f4397"
  referenceNo: "1078"
  orderId: "7c631417-ac4c-44b1-b118-18c78ffc2445"
2024-08-12 * "Invoice #473 R24137 WG #14"
  Income:Sales:SalesItem:Sell18kJewelry -6600 HKD
  category: "Jewelry"
  sku: "DD2024082600000002"
  qty: 1
  referenceNo: "473"
  orderId: "83436bf2-e0be-4980-aa9d-c3309d10c204"
  type: "Invoice Item"
  sourceId: "6e0f4ba3-397e-48fa-a405-5ae5d5a21a0e"
  Assets:CurrentAssets:AccountReceivable
  referenceNo: "473"
  orderId: "83436bf2-e0be-4980-aa9d-c3309d10c204"
  type: "Invoice"
  sourceId: "83436bf2-e0be-4980-aa9d-c3309d10c204"
  contact: "852 98481272 (Candy Cheung) [fbb55864-a89e-4bc1-93f6-3234f203962f]"
2024-08-12 * "Assets:CurrentAssets:Bank:KpayBank" "Invoice Payment for Invoice #472 #e00094b5-0e5c-4319-8afd-363f35d464f9"
  Assets:CurrentAssets:Bank:KpayBank 11800 HKD
  type: "Invoice Payment"
  sourceId: "e00094b5-0e5c-4319-8afd-363f35d464f9"
  referenceNo: "472"
  orderId: "b9824add-fb46-437f-88a4-512ca2bf4c4f"
  Assets:CurrentAssets:AccountReceivable -11800 HKD
  type: "Invoice Payment"
  sourceId: "e00094b5-0e5c-4319-8afd-363f35d464f9"
  referenceNo: "472"
  orderId: "b9824add-fb46-437f-88a4-512ca2bf4c4f"
  contact: "852 93694120 (Miss Chan) [a44241a6-abef-4555-a7f2-367b45278ad5]"
2024-08-12 * "Assets:CurrentAssets:Bank:KpayBank" "Invoice Payment for Invoice #473 #b5400bb8-0065-4c33-83a6-1e5e28698540"
  Assets:CurrentAssets:Bank:KpayBank 6600 HKD
  type: "Invoice Payment"
  sourceId: "b5400bb8-0065-4c33-83a6-1e5e28698540"
  referenceNo: "473"
  orderId: "83436bf2-e0be-4980-aa9d-c3309d10c204"
  Assets:CurrentAssets:AccountReceivable -6600 HKD
  type: "Invoice Payment"
  sourceId: "b5400bb8-0065-4c33-83a6-1e5e28698540"
  referenceNo: "473"
  orderId: "83436bf2-e0be-4980-aa9d-c3309d10c204"
  contact: "852 98481272 (Candy Cheung) [fbb55864-a89e-4bc1-93f6-3234f203962f]"
2024-08-13 * "Assets:CurrentAssets:Bank:BocSavingBank" "Invoice Payment for Invoice #474 #e96192be-f3a8-4f5d-8bb1-2019993b40ae"
  Assets:CurrentAssets:Bank:BocSavingBank 1250 HKD
  type: "Invoice Payment"
  sourceId: "e96192be-f3a8-4f5d-8bb1-2019993b40ae"
  referenceNo: "474"
  orderId: "7038eb28-e629-40d7-b2ff-2f0c65e0fb32"
  Assets:CurrentAssets:AccountReceivable -1250 HKD
  type: "Invoice Payment"
  sourceId: "e96192be-f3a8-4f5d-8bb1-2019993b40ae"
  referenceNo: "474"
  orderId: "7038eb28-e629-40d7-b2ff-2f0c65e0fb32"
  contact: "852 69716883 (MS MARGARET LEE) [7aa93510-6199-4b80-b6d9-70af1e341d5e]"
2024-08-13 * "Invoice #474 N24135 RG R24131 RG #14"
  Income:Sales:SalesItem:Sell18kJewelry -3300 HKD
  category: "Jewelry"
  sku: "DD2024071600000006"
  qty: 1
  referenceNo: "474"
  orderId: "7038eb28-e629-40d7-b2ff-2f0c65e0fb32"
  type: "Invoice Item"
  sourceId: "f007c614-736c-477e-beaa-0d8662e6d256"
  Income:Sales:SalesItem:Sell18kJewelry -2500 HKD
  category: "Jewelry"
  sku: "DD2024082600000003"
  qty: 1
  referenceNo: "474"
  orderId: "7038eb28-e629-40d7-b2ff-2f0c65e0fb32"
  type: "Invoice Item"
  sourceId: "3c4bb2fa-5ff1-4c9d-9f72-d0833679ea76"
  Assets:CurrentAssets:AccountReceivable
  referenceNo: "474"
  orderId: "7038eb28-e629-40d7-b2ff-2f0c65e0fb32"
  type: "Invoice"
  sourceId: "7038eb28-e629-40d7-b2ff-2f0c65e0fb32"
  contact: "852 69716883 (MS MARGARET LEE) [7aa93510-6199-4b80-b6d9-70af1e341d5e]"
2024-08-14 * "Bill #1079 G17電費(2024-8月)"
  referenceNo: "1079"
  orderId: "d0e0183d-06e1-430c-98c1-299d8c62089c"
  type: "Bill"
  Expenses:GeneralExpense:ElectricityLightHeating 1894 HKD
  qty: "1"
  description: "G17電費(2024-8月)"
  referenceNo: "1079"
  orderId: "d0e0183d-06e1-430c-98c1-299d8c62089c"
  type: "Bill Item"
  sourceId: "9a2a9059-d54f-4aef-93f5-e8759b51d51a"
  Liabilities:CurrentLiabilities:AccountPayable
  referenceNo: "1079"
  orderId: "d0e0183d-06e1-430c-98c1-299d8c62089c"
  type: "Bill"
  sourceId: "d0e0183d-06e1-430c-98c1-299d8c62089c"
  contact: "880 806 () [53b8789a-4451-4a1f-84f7-a9c5da7ada1a]"
2024-08-14 * "880 806 () [53b8789a-4451-4a1f-84f7-a9c5da7ada1a]" "Bill Payment for Bill #1079 #6f5ca7c5-9ac0-4537-a6b7-80479652ecab"
  contact: "880 806 () [53b8789a-4451-4a1f-84f7-a9c5da7ada1a]"
  Liabilities:CurrentLiabilities:AccountPayable 1894 HKD
  type: "Bill Payment"
  sourceId: "6f5ca7c5-9ac0-4537-a6b7-80479652ecab"
  referenceNo: "1079"
  orderId: "d0e0183d-06e1-430c-98c1-299d8c62089c"
  Liabilities:CurrentLiabilities:CurrentAccount:C-a-MilrichElectronicsHkCoLtd -1894 HKD
  type: "Bill Payment"
  sourceId: "6f5ca7c5-9ac0-4537-a6b7-80479652ecab"
  referenceNo: "1079"
  orderId: "d0e0183d-06e1-430c-98c1-299d8c62089c"
2024-08-16 * "Invoice #646 N24134 wg R24125 wg#13"
  Income:Sales:SalesItem:Sell18kJewelry -3300 HKD
  category: "Jewelry"
  sku: "DD2024071600000002"
  qty: 1
  referenceNo: "646"
  orderId: "4e1e8c32-b794-494c-b93e-ff95a4b5c645"
  type: "Invoice Item"
  sourceId: "0285a89c-77ab-4b68-b22d-411faabd53a5"
  Income:Sales:SalesItem:Sell18kJewelry -2500 HKD
  category: "Jewelry"
  sku: "DD2024082600000001"
  qty: 1
  referenceNo: "646"
  orderId: "4e1e8c32-b794-494c-b93e-ff95a4b5c645"
  type: "Invoice Item"
  sourceId: "351e40ee-23f0-4c85-80d8-ce0536f11f4c"
  Assets:CurrentAssets:AccountReceivable
  referenceNo: "646"
  orderId: "4e1e8c32-b794-494c-b93e-ff95a4b5c645"
  type: "Invoice"
  sourceId: "4e1e8c32-b794-494c-b93e-ff95a4b5c645"
  contact: "852 62753622 (Mr Peter Chan) [ceef82ef-1537-466c-a1a7-6487ca6780dd]"
2024-08-16 * "Invoice #476 R24126 YG #10"
  Income:Sales:SalesItem:Sell18kJewelry -2500 HKD
  category: "Jewelry"
  sku: "DD2024071800000004"
  qty: 1
  referenceNo: "476"
  orderId: "2aaf95cd-a212-4124-985d-ea3de23db01b"
  type: "Invoice Item"
  sourceId: "fb88f622-43a9-4bd7-836c-393c96e0185e"
  Assets:CurrentAssets:AccountReceivable
  referenceNo: "476"
  orderId: "2aaf95cd-a212-4124-985d-ea3de23db01b"
  type: "Invoice"
  sourceId: "2aaf95cd-a212-4124-985d-ea3de23db01b"
  contact: "852 61837680 (Mr Wong) [4c228aa6-1750-420e-bb72-65a63092c8ab]"
2024-08-16 * "Assets:CurrentAssets:Bank:KpayBank" "Invoice Payment for Invoice #646 #8cf267c5-50ba-4b31-80dd-155910680d76"
  Assets:CurrentAssets:Bank:KpayBank 5800 HKD
  type: "Invoice Payment"
  sourceId: "8cf267c5-50ba-4b31-80dd-155910680d76"
  referenceNo: "646"
  orderId: "4e1e8c32-b794-494c-b93e-ff95a4b5c645"
  Assets:CurrentAssets:AccountReceivable -5800 HKD
  type: "Invoice Payment"
  sourceId: "8cf267c5-50ba-4b31-80dd-155910680d76"
  referenceNo: "646"
  orderId: "4e1e8c32-b794-494c-b93e-ff95a4b5c645"
  contact: "852 62753622 (Mr Peter Chan) [ceef82ef-1537-466c-a1a7-6487ca6780dd]"
2024-08-16 * "Assets:CurrentAssets:Bank:KpayBank" "Invoice Payment for Invoice #476 #77683a3a-0d23-4a03-903d-d62b2d416955"
  Assets:CurrentAssets:Bank:KpayBank 2500 HKD
  type: "Invoice Payment"
  sourceId: "77683a3a-0d23-4a03-903d-d62b2d416955"
  referenceNo: "476"
  orderId: "2aaf95cd-a212-4124-985d-ea3de23db01b"
  Assets:CurrentAssets:AccountReceivable -2500 HKD
  type: "Invoice Payment"
  sourceId: "77683a3a-0d23-4a03-903d-d62b2d416955"
  referenceNo: "476"
  orderId: "2aaf95cd-a212-4124-985d-ea3de23db01b"
  contact: "852 61837680 (Mr Wong) [4c228aa6-1750-420e-bb72-65a63092c8ab]"
2024-08-16 * "Invoice #478 R24131 RG #13"
  Income:Sales:SalesItem:Sell18kJewelry -2500 HKD
  category: "Jewelry"
  sku: "DD2024082600000004"
  qty: 1
  referenceNo: "478"
  orderId: "f5f3f022-beae-4599-a4c0-af8b700a74ed"
  type: "Invoice Item"
  sourceId: "5cbcbbb9-0484-4742-af38-563e706c1c78"
  Assets:CurrentAssets:AccountReceivable
  referenceNo: "478"
  orderId: "f5f3f022-beae-4599-a4c0-af8b700a74ed"
  type: "Invoice"
  sourceId: "f5f3f022-beae-4599-a4c0-af8b700a74ed"
  contact: "852 61108948 (Miss Ng) [b9dfa2ea-ccfc-420e-9cf8-ee0cb0651d12]"
2024-08-16 * "Assets:CurrentAssets:Bank:KpayBank" "Invoice Payment for Invoice #478 #6da8ac2e-12ee-492b-ba7b-20b0bb4c8151"
  Assets:CurrentAssets:Bank:KpayBank 1250 HKD
  type: "Invoice Payment"
  sourceId: "6da8ac2e-12ee-492b-ba7b-20b0bb4c8151"
  referenceNo: "478"
  orderId: "f5f3f022-beae-4599-a4c0-af8b700a74ed"
  Assets:CurrentAssets:AccountReceivable -1250 HKD
  type: "Invoice Payment"
  sourceId: "6da8ac2e-12ee-492b-ba7b-20b0bb4c8151"
  referenceNo: "478"
  orderId: "f5f3f022-beae-4599-a4c0-af8b700a74ed"
  contact: "852 61108948 (Miss Ng) [b9dfa2ea-ccfc-420e-9cf8-ee0cb0651d12]"
2024-08-17 * "Bill #1080 ERIC~補貨/客訂"
  referenceNo: "1080"
  orderId: "269b1133-2225-4041-9d6b-040bca4289ed"
  type: "Bill"
  Expenses:CostOfSales:Purchase:PurchaseItem:Buy18kJewelry 2142 CNY
  category: "Jewelry"
  sku: "DD2024081700000002"
  qty: 1
  referenceNo: "1080"
  orderId: "269b1133-2225-4041-9d6b-040bca4289ed"
  type: "Bill Item"
  sourceId: "8c663819-3697-4a98-bb2d-0fab52298633"
  Expenses:CostOfSales:Purchase:PurchaseItem:Buy18kJewelry 2020 CNY
  category: "Jewelry"
  sku: "DD2024081700000001"
  qty: 1
  referenceNo: "1080"
  orderId: "269b1133-2225-4041-9d6b-040bca4289ed"
  type: "Bill Item"
  sourceId: "f8f484a9-406a-41cc-bc61-d2da8fccbfd9"
  Liabilities:CurrentLiabilities:AccountPayable
  referenceNo: "1080"
  orderId: "269b1133-2225-4041-9d6b-040bca4289ed"
  type: "Bill"
  sourceId: "269b1133-2225-4041-9d6b-040bca4289ed"
  contact: "86 97978678 (ERIC) [cb2cbf18-d8c3-40eb-a388-d7234ea70615]"
2024-08-17 * "Invoice #479 STAFF( 燕姐)GOLD JEWELLERY"
  Income:Sales:SalesItem:SellGoldJewelry -12000 HKD
  category: "Gold Jewelry"
  sku: "DD2310200000000000000012"
  qty: 1
  referenceNo: "479"
  orderId: "d3e551a4-aeeb-4164-be10-cb60524fa5dd"
  type: "Invoice Item"
  sourceId: "c5d58c8a-2560-4e47-9a7b-450791ceeceb"
  Income:Sales:SalesItem:SellGoldJewelry -880 HKD
  category: "Gold Jewelry"
  sku: "DD2310200000000000000058"
  qty: 1
  referenceNo: "479"
  orderId: "d3e551a4-aeeb-4164-be10-cb60524fa5dd"
  type: "Invoice Item"
  sourceId: "c37cb0ca-3682-4d55-a776-88645f1bf790"
  Income:Sales:SalesItem:SellGoldJewelry -11800 HKD
  category: "Gold Jewelry"
  sku: "DDFF23051203000000000012"
  qty: 1
  referenceNo: "479"
  orderId: "d3e551a4-aeeb-4164-be10-cb60524fa5dd"
  type: "Invoice Item"
  sourceId: "ff776e14-a489-4322-87ea-890c1216588a"
  Assets:CurrentAssets:AccountReceivable
  referenceNo: "479"
  orderId: "d3e551a4-aeeb-4164-be10-cb60524fa5dd"
  type: "Invoice"
  sourceId: "d3e551a4-aeeb-4164-be10-cb60524fa5dd"
  contact: "852 52817706 ((MW) MS. HUANG 燕姐) [39acd1e7-bbdb-4094-b694-39837413f816]"
2024-08-17 * "Assets:CurrentAssets:Cash:CashInHand" "Invoice Payment for Invoice #479 #49a9adb2-76c2-4e3b-8aaf-fe2275106203"
  Assets:CurrentAssets:Cash:CashInHand 24680 HKD
  type: "Invoice Payment"
  sourceId: "49a9adb2-76c2-4e3b-8aaf-fe2275106203"
  referenceNo: "479"
  orderId: "d3e551a4-aeeb-4164-be10-cb60524fa5dd"
  Assets:CurrentAssets:AccountReceivable -24680 HKD
  type: "Invoice Payment"
  sourceId: "49a9adb2-76c2-4e3b-8aaf-fe2275106203"
  referenceNo: "479"
  orderId: "d3e551a4-aeeb-4164-be10-cb60524fa5dd"
  contact: "852 52817706 ((MW) MS. HUANG 燕姐) [39acd1e7-bbdb-4094-b694-39837413f816]"
2024-08-18 * "Invoice #648 R24125 WG #15"
  Income:Sales:SalesItem:Sell18kJewelry -2500 HKD
  category: "Jewelry"
  sku: "DD2024072100000002"
  qty: 1
  referenceNo: "648"
  orderId: "f5e5e7d5-3b4a-4b6f-92f5-45bffd834d29"
  type: "Invoice Item"
  sourceId: "cc5d71d2-c02c-4c3b-a612-03a52672f65f"
  Assets:CurrentAssets:AccountReceivable
  referenceNo: "648"
  orderId: "f5e5e7d5-3b4a-4b6f-92f5-45bffd834d29"
  type: "Invoice"
  sourceId: "f5e5e7d5-3b4a-4b6f-92f5-45bffd834d29"
  contact: "852 61578639 (MS ALICE TSANG) [59052376-0894-4c79-aafb-0e8a30850ad4]"
2024-08-18 * "Assets:CurrentAssets:Bank:KpayBank" "Invoice Payment for Invoice #648 #ef3a7da5-7834-437a-a77a-02290d980c32"
  Assets:CurrentAssets:Bank:KpayBank 2500 HKD
  type: "Invoice Payment"
  sourceId: "ef3a7da5-7834-437a-a77a-02290d980c32"
  referenceNo: "648"
  orderId: "f5e5e7d5-3b4a-4b6f-92f5-45bffd834d29"
  Assets:CurrentAssets:AccountReceivable -2500 HKD
  type: "Invoice Payment"
  sourceId: "ef3a7da5-7834-437a-a77a-02290d980c32"
  referenceNo: "648"
  orderId: "f5e5e7d5-3b4a-4b6f-92f5-45bffd834d29"
  contact: "852 61578639 (MS ALICE TSANG) [59052376-0894-4c79-aafb-0e8a30850ad4]"
2024-08-18 * "Invoice #481 R24127 RG #13"
  Income:Sales:SalesItem:Sell18kJewelry -4900 HKD
  category: "Jewelry"
  sku: "DD2024071800000009"
  qty: 1
  referenceNo: "481"
  orderId: "99ca9d92-c11d-463e-80d7-dbd1187093d3"
  type: "Invoice Item"
  sourceId: "2c7891d2-2d62-4bb2-ae5e-066e49a157d2"
  Assets:CurrentAssets:AccountReceivable
  referenceNo: "481"
  orderId: "99ca9d92-c11d-463e-80d7-dbd1187093d3"
  type: "Invoice"
  sourceId: "99ca9d92-c11d-463e-80d7-dbd1187093d3"
  contact: "852 61578639 (MS ALICE TSANG) [59052376-0894-4c79-aafb-0e8a30850ad4]"
2024-08-18 * "Assets:CurrentAssets:Bank:KpayBank" "Invoice Payment for Invoice #481 #c3e76653-bb70-4462-8fe4-cc3fa06b5688"
  Assets:CurrentAssets:Bank:KpayBank 2450 HKD
  type: "Invoice Payment"
  sourceId: "c3e76653-bb70-4462-8fe4-cc3fa06b5688"
  referenceNo: "481"
  orderId: "99ca9d92-c11d-463e-80d7-dbd1187093d3"
  Assets:CurrentAssets:AccountReceivable -2450 HKD
  type: "Invoice Payment"
  sourceId: "c3e76653-bb70-4462-8fe4-cc3fa06b5688"
  referenceNo: "481"
  orderId: "99ca9d92-c11d-463e-80d7-dbd1187093d3"
  contact: "852 61578639 (MS ALICE TSANG) [59052376-0894-4c79-aafb-0e8a30850ad4]"
2024-08-20 * "Bill #1086 DAYTECH - SYSTEM DEV"
  referenceNo: "1086"
  orderId: "c3469517-620e-4d9f-9ca2-8154e8b21614"
  type: "Bill"
  Expenses:GeneralExpense:WebErpDev 310000 HKD
  qty: "1"
  description: "DAYTECH - SYSTEM DEVELOPMENT FEE"
  referenceNo: "1086"
  orderId: "c3469517-620e-4d9f-9ca2-8154e8b21614"
  type: "Bill Item"
  sourceId: "30f0aa86-628b-4473-942d-e83060274527"
  Liabilities:CurrentLiabilities:AccountPayable
  referenceNo: "1086"
  orderId: "c3469517-620e-4d9f-9ca2-8154e8b21614"
  type: "Bill"
  sourceId: "c3469517-620e-4d9f-9ca2-8154e8b21614"
  contact: "880 806 () [53b8789a-4451-4a1f-84f7-a9c5da7ada1a]"
2024-08-20 * "Bill #1175 美泰樂 7月2024 Statement"
  referenceNo: "1175"
  orderId: "daeffa88-533f-40ac-92ca-b82b56158634"
  type: "Bill"
  Expenses:OtherExpenses:RefiningExpense金 599.58 USD
  qty: "1"
  description: "美泰樂 7月2024 Statement"
  referenceNo: "1175"
  orderId: "daeffa88-533f-40ac-92ca-b82b56158634"
  type: "Bill Item"
  sourceId: "970efef4-4e66-49ea-8322-832f20fc7d3f"
  Liabilities:CurrentLiabilities:AccountPayable
  referenceNo: "1175"
  orderId: "daeffa88-533f-40ac-92ca-b82b56158634"
  type: "Bill"
  sourceId: "daeffa88-533f-40ac-92ca-b82b56158634"
  contact: "852 25214131 (Metalor Precious Metals Hong Kong Limited) [15ad8699-ee98-44fa-a02a-90521ca3ff05]"
2024-08-20 * "852 25214131 (Metalor Precious Metals Hong Kong Limited) [15ad8699-ee98-44fa-a02a-90521ca3ff05]" "Bill Payment for Bill #1175 #5c091779-9750-4e41-b266-47fc9c7cf6ad"
  contact: "852 25214131 (Metalor Precious Metals Hong Kong Limited) [15ad8699-ee98-44fa-a02a-90521ca3ff05]"
  Liabilities:CurrentLiabilities:AccountPayable 599.58 USD
  type: "Bill Payment"
  sourceId: "5c091779-9750-4e41-b266-47fc9c7cf6ad"
  referenceNo: "1175"
  orderId: "daeffa88-533f-40ac-92ca-b82b56158634"
  Assets:CurrentAssets:Bank:BocCurrentBank -599.58 USD
  type: "Bill Payment"
  sourceId: "5c091779-9750-4e41-b266-47fc9c7cf6ad"
  referenceNo: "1175"
  orderId: "daeffa88-533f-40ac-92ca-b82b56158634"
2024-08-20 * "880 806 () [53b8789a-4451-4a1f-84f7-a9c5da7ada1a]" "Bill Payment for Bill #1086 #4ac20f19-b8a6-41dc-ac80-94fba16d5880"
  contact: "880 806 () [53b8789a-4451-4a1f-84f7-a9c5da7ada1a]"
  Liabilities:CurrentLiabilities:AccountPayable 310000 HKD
  type: "Bill Payment"
  sourceId: "4ac20f19-b8a6-41dc-ac80-94fba16d5880"
  referenceNo: "1086"
  orderId: "c3469517-620e-4d9f-9ca2-8154e8b21614"
  Assets:CurrentAssets:Bank:BocSavingBank -310000 HKD
  type: "Bill Payment"
  sourceId: "4ac20f19-b8a6-41dc-ac80-94fba16d5880"
  referenceNo: "1086"
  orderId: "c3469517-620e-4d9f-9ca2-8154e8b21614"
2024-08-21 * "Bill #1090 G17 09月2024 租金"
  referenceNo: "1090"
  orderId: "9e218a74-fbac-4de0-93b7-72100fe0c49f"
  type: "Bill"
  Expenses:GeneralExpense:Rent 48000 HKD
  qty: "1"
  description: "G17 09月2024 租金"
  referenceNo: "1090"
  orderId: "9e218a74-fbac-4de0-93b7-72100fe0c49f"
  type: "Bill Item"
  sourceId: "e22e33d5-0d02-423e-99f2-bb9a746ad987"
  Liabilities:CurrentLiabilities:AccountPayable
  referenceNo: "1090"
  orderId: "9e218a74-fbac-4de0-93b7-72100fe0c49f"
  type: "Bill"
  sourceId: "9e218a74-fbac-4de0-93b7-72100fe0c49f"
  contact: "880 806 () [53b8789a-4451-4a1f-84f7-a9c5da7ada1a]"
2024-08-21 * "880 806 () [53b8789a-4451-4a1f-84f7-a9c5da7ada1a]" "Bill Payment for Bill #1090 #c46f980f-7a63-43ba-a85d-f805aed447f4"
  contact: "880 806 () [53b8789a-4451-4a1f-84f7-a9c5da7ada1a]"
  Liabilities:CurrentLiabilities:AccountPayable 48000 HKD
  type: "Bill Payment"
  sourceId: "c46f980f-7a63-43ba-a85d-f805aed447f4"
  referenceNo: "1090"
  orderId: "9e218a74-fbac-4de0-93b7-72100fe0c49f"
  Assets:CurrentAssets:Bank:BocCurrentBank -48000 HKD
  type: "Bill Payment"
  sourceId: "c46f980f-7a63-43ba-a85d-f805aed447f4"
  referenceNo: "1090"
  orderId: "9e218a74-fbac-4de0-93b7-72100fe0c49f"
2024-08-21 * "Bill #1087 ERIC~RING SETTING"
  referenceNo: "1087"
  orderId: "5dacc89c-2e5b-4a92-8d43-e1b7b1f9e3ca"
  type: "Bill"
  Expenses:CostOfSales:Purchase:PurchaseItem:BuyBespoke 1168 CNY
  category: "Jewelry"
  sku: "DDBESPOKE00000045"
  qty: 1
  referenceNo: "1087"
  orderId: "5dacc89c-2e5b-4a92-8d43-e1b7b1f9e3ca"
  type: "Bill Item"
  sourceId: "8cfadfe4-6504-4600-b816-3cd7834175ab"
  Expenses:CostOfSales:Purchase:PurchaseItem:BuyBespoke 1173 CNY
  category: "Jewelry"
  sku: "DDBESPOKE00000046"
  qty: 1
  referenceNo: "1087"
  orderId: "5dacc89c-2e5b-4a92-8d43-e1b7b1f9e3ca"
  type: "Bill Item"
  sourceId: "01412b08-12c2-42a3-ad81-ddd311680290"
  Liabilities:CurrentLiabilities:AccountPayable
  referenceNo: "1087"
  orderId: "5dacc89c-2e5b-4a92-8d43-e1b7b1f9e3ca"
  type: "Bill"
  sourceId: "5dacc89c-2e5b-4a92-8d43-e1b7b1f9e3ca"
  contact: "86 97978678 (ERIC) [cb2cbf18-d8c3-40eb-a388-d7234ea70615]"
2024-08-23 * "Bill #1091 08月2024年MPF"
  referenceNo: "1091"
  orderId: "d2ec634f-a1e5-4924-81a3-5080d37d1dcc"
  type: "Bill"
  Expenses:GeneralExpense:Mpf 7100 HKD
  qty: "1"
  description: "08月2024年MPF"
  referenceNo: "1091"
  orderId: "d2ec634f-a1e5-4924-81a3-5080d37d1dcc"
  type: "Bill Item"
  sourceId: "2186d1bf-0f53-4476-82d0-7fd59618ef42"
  Liabilities:CurrentLiabilities:AccountPayable
  referenceNo: "1091"
  orderId: "d2ec634f-a1e5-4924-81a3-5080d37d1dcc"
  type: "Bill"
  sourceId: "d2ec634f-a1e5-4924-81a3-5080d37d1dcc"
  contact: "880 806 () [53b8789a-4451-4a1f-84f7-a9c5da7ada1a]"
2024-08-23 * "880 806 () [53b8789a-4451-4a1f-84f7-a9c5da7ada1a]" "Bill Payment for Bill #1091 #bcfb9d17-1afa-42ba-b257-1332a7f76b66"
  contact: "880 806 () [53b8789a-4451-4a1f-84f7-a9c5da7ada1a]"
  Liabilities:CurrentLiabilities:AccountPayable 7100 HKD
  type: "Bill Payment"
  sourceId: "bcfb9d17-1afa-42ba-b257-1332a7f76b66"
  referenceNo: "1091"
  orderId: "d2ec634f-a1e5-4924-81a3-5080d37d1dcc"
  Assets:CurrentAssets:Bank:BocCurrentBank -7100 HKD
  type: "Bill Payment"
  sourceId: "bcfb9d17-1afa-42ba-b257-1332a7f76b66"
  referenceNo: "1091"
  orderId: "d2ec634f-a1e5-4924-81a3-5080d37d1dcc"
2024-08-25 * "Bill #1094 淘寶雜類 (24年8月) (paid by visa)"
  referenceNo: "1094"
  orderId: "a46562ae-30f7-4743-a940-6d987ef1b4c1"
  type: "Bill"
  Expenses:GeneralExpense:Subscriptions 78 HKD
  qty: "1"
  description: "Microsoft*Microsoft (7.26)"
  referenceNo: "1094"
  orderId: "a46562ae-30f7-4743-a940-6d987ef1b4c1"
  type: "Bill Item"
  sourceId: "86c09c04-ba84-4477-bacd-a62b4ccf6400"
  Expenses:GeneralExpense:Subscriptions 158.99 HKD
  qty: "1"
  description: "VERCEL INC. USD 20 (8.22)"
  referenceNo: "1094"
  orderId: "a46562ae-30f7-4743-a940-6d987ef1b4c1"
  type: "Bill Item"
  sourceId: "943447b5-e2ac-44a4-bf90-a4c30e28c135"
  Expenses:GeneralExpense:GeneralExpensesDirect 785.06 HKD
  qty: "1"
  description: "淘寶雜類"
  referenceNo: "1094"
  orderId: "a46562ae-30f7-4743-a940-6d987ef1b4c1"
  type: "Bill Item"
  sourceId: "59e46876-ec76-4cca-a60c-0071e5e8710f"
  Liabilities:CurrentLiabilities:CurrentAccount:C-a-MilwaysGoldLimited 81447.53 HKD
  qty: "1"
  description: "417裝修物資 淘寶"
  referenceNo: "1094"
  orderId: "a46562ae-30f7-4743-a940-6d987ef1b4c1"
  type: "Bill Item"
  sourceId: "dd4ed24d-9755-4857-954b-9c69ff0d2d16"
  Liabilities:CurrentLiabilities:AccountPayable
  referenceNo: "1094"
  orderId: "a46562ae-30f7-4743-a940-6d987ef1b4c1"
  type: "Bill"
  sourceId: "a46562ae-30f7-4743-a940-6d987ef1b4c1"
  contact: "880 806 () [53b8789a-4451-4a1f-84f7-a9c5da7ada1a]"
2024-08-25 * "880 806 () [53b8789a-4451-4a1f-84f7-a9c5da7ada1a]" "Bill Payment for Bill #1094 #124034f3-f4e0-4942-a10b-f9a1e960d936"
  contact: "880 806 () [53b8789a-4451-4a1f-84f7-a9c5da7ada1a]"
  Liabilities:CurrentLiabilities:AccountPayable 81447.53 HKD
  type: "Bill Payment"
  sourceId: "124034f3-f4e0-4942-a10b-f9a1e960d936"
  referenceNo: "1094"
  orderId: "a46562ae-30f7-4743-a940-6d987ef1b4c1"
  Assets:CurrentAssets:Bank:BocVisaCard-DavidBank -81447.53 HKD
  type: "Bill Payment"
  sourceId: "124034f3-f4e0-4942-a10b-f9a1e960d936"
  referenceNo: "1094"
  orderId: "a46562ae-30f7-4743-a940-6d987ef1b4c1"
2024-08-25 * "880 806 () [53b8789a-4451-4a1f-84f7-a9c5da7ada1a]" "Bill Payment for Bill #1094 #bd2c2b21-705a-4005-a386-e38514458cce"
  contact: "880 806 () [53b8789a-4451-4a1f-84f7-a9c5da7ada1a]"
  Liabilities:CurrentLiabilities:AccountPayable 1022.05 HKD
  type: "Bill Payment"
  sourceId: "bd2c2b21-705a-4005-a386-e38514458cce"
  referenceNo: "1094"
  orderId: "a46562ae-30f7-4743-a940-6d987ef1b4c1"
  Assets:CurrentAssets:Bank:BocVisaCard-DavidBank -1022.05 HKD
  type: "Bill Payment"
  sourceId: "bd2c2b21-705a-4005-a386-e38514458cce"
  referenceNo: "1094"
  orderId: "a46562ae-30f7-4743-a940-6d987ef1b4c1"
2024-08-25 * "Assets:CurrentAssets:Bank:KpayBank" "Invoice Payment for Invoice #645 #183dd272-9708-461f-afc5-c6e12999f8fd"
  Assets:CurrentAssets:Bank:KpayBank 4200 HKD
  type: "Invoice Payment"
  sourceId: "183dd272-9708-461f-afc5-c6e12999f8fd"
  referenceNo: "645"
  orderId: "7259a242-f99d-4046-a830-874f2545572d"
  Assets:CurrentAssets:AccountReceivable -4200 HKD
  type: "Invoice Payment"
  sourceId: "183dd272-9708-461f-afc5-c6e12999f8fd"
  referenceNo: "645"
  orderId: "7259a242-f99d-4046-a830-874f2545572d"
  contact: "852 96607390 (MR. WONG KELVIN) [a730169a-cefc-4efd-89a1-0ff9aee47eab]"
2024-08-26 * "Bill #1124 Salary (Cash )1-8月2024 "
  referenceNo: "1124"
  orderId: "03fe4959-fd8a-44be-840b-f8223762b426"
  type: "Bill"
  Expenses:GeneralExpense:ExpensesB 160000 HKD
  qty: "1"
  description: "Salary (Cash )1-8月2024 "
  referenceNo: "1124"
  orderId: "03fe4959-fd8a-44be-840b-f8223762b426"
  type: "Bill Item"
  sourceId: "3273cc08-0141-46e5-9f5a-310ab21fdcac"
  Liabilities:CurrentLiabilities:AccountPayable
  referenceNo: "1124"
  orderId: "03fe4959-fd8a-44be-840b-f8223762b426"
  type: "Bill"
  sourceId: "03fe4959-fd8a-44be-840b-f8223762b426"
  contact: "852 666 (666 Expenses (B)) [fa89b8c4-a5ec-478f-ab27-2978d8995fce]"
2024-08-26 * "852 666 (666 Expenses (B)) [fa89b8c4-a5ec-478f-ab27-2978d8995fce]" "Bill Payment for Bill #1124 #769c563b-202c-413d-9aa8-b01d2e9aabc2"
  contact: "852 666 (666 Expenses (B)) [fa89b8c4-a5ec-478f-ab27-2978d8995fce]"
  Liabilities:CurrentLiabilities:AccountPayable 160000 HKD
  type: "Bill Payment"
  sourceId: "769c563b-202c-413d-9aa8-b01d2e9aabc2"
  referenceNo: "1124"
  orderId: "03fe4959-fd8a-44be-840b-f8223762b426"
  contact: "852 666 (666 Expenses (B)) [fa89b8c4-a5ec-478f-ab27-2978d8995fce]"
  Liabilities:CurrentLiabilities:AccountPayable -160000 HKD
  type: "Bill Payment"
  sourceId: "769c563b-202c-413d-9aa8-b01d2e9aabc2"
  referenceNo: "1124"
  orderId: "03fe4959-fd8a-44be-840b-f8223762b426"
2024-08-26 * "Bill #1253 ERIC~補貨/客訂"
  referenceNo: "1253"
  orderId: "bbb02985-c319-40a8-a7c5-f6c77dd97279"
  type: "Bill"
  Expenses:CostOfSales:Purchase:PurchaseItem:Buy18kJewelry 1752 CNY
  category: "Jewelry"
  sku: "DD2024082600000003"
  qty: 1
  referenceNo: "1253"
  orderId: "bbb02985-c319-40a8-a7c5-f6c77dd97279"
  type: "Bill Item"
  sourceId: "eca60734-a80d-404d-92b1-7e812e750ee6"
  Expenses:CostOfSales:Purchase:PurchaseItem:Buy18kJewelry 1752 CNY
  category: "Jewelry"
  sku: "DD2024082600000004"
  qty: 1
  referenceNo: "1253"
  orderId: "bbb02985-c319-40a8-a7c5-f6c77dd97279"
  type: "Bill Item"
  sourceId: "15d214e3-a574-47fe-9227-8a7af8d7a013"
  Expenses:CostOfSales:Purchase:PurchaseItem:Buy18kJewelry 2666 CNY
  category: "Jewelry"
  sku: "DD2024082600000005"
  qty: 1
  referenceNo: "1253"
  orderId: "bbb02985-c319-40a8-a7c5-f6c77dd97279"
  type: "Bill Item"
  sourceId: "ded459f4-250b-49d3-8227-3326ae23b0d5"
  Expenses:CostOfSales:Purchase:PurchaseItem:Buy18kJewelry 4200 CNY
  category: "Jewelry"
  sku: "DD2024082600000002"
  qty: 1
  referenceNo: "1253"
  orderId: "bbb02985-c319-40a8-a7c5-f6c77dd97279"
  type: "Bill Item"
  sourceId: "4da85c18-65d3-49a6-9731-d8635d38c11b"
  Expenses:CostOfSales:Purchase:PurchaseItem:Buy18kJewelry 1652 CNY
  category: "Jewelry"
  sku: "DD2024082600000001"
  qty: 1
  referenceNo: "1253"
  orderId: "bbb02985-c319-40a8-a7c5-f6c77dd97279"
  type: "Bill Item"
  sourceId: "5a798e04-9468-4162-86a3-dca807ff6e62"
  Liabilities:CurrentLiabilities:AccountPayable
  referenceNo: "1253"
  orderId: "bbb02985-c319-40a8-a7c5-f6c77dd97279"
  type: "Bill"
  sourceId: "bbb02985-c319-40a8-a7c5-f6c77dd97279"
  contact: "86 97978678 (ERIC) [cb2cbf18-d8c3-40eb-a388-d7234ea70615]"
2024-08-27 * "Bill #1275 AE Credit Card payment (24年08月)"
  referenceNo: "1275"
  orderId: "d478a765-11ed-49aa-adb5-9afb3a41e25d"
  type: "Bill"
  Expenses:GeneralExpense:Subscriptions 1033.85 HKD
  qty: "1"
  description: "BT*SEMRUSH -8.8 (USD 129.95)"
  referenceNo: "1275"
  orderId: "d478a765-11ed-49aa-adb5-9afb3a41e25d"
  type: "Bill Item"
  sourceId: "739c3051-d6bb-4fed-aa35-88542b1ed274"
  Expenses:GeneralExpense:Subscriptions 717.52 HKD
  qty: "1"
  description: "DUO.COM-2.8(USD 90)"
  referenceNo: "1275"
  orderId: "d478a765-11ed-49aa-adb5-9afb3a41e25d"
  type: "Bill Item"
  sourceId: "21231e07-e83c-447a-8065-1b2d8652b02c"
  Expenses:GeneralExpense:AdvertisingAndBranding 7355.21 HKD
  qty: "1"
  description: "FACEBK *3C2979GZM2"
  referenceNo: "1275"
  orderId: "d478a765-11ed-49aa-adb5-9afb3a41e25d"
  type: "Bill Item"
  sourceId: "66c8ff80-a53f-4715-8332-24372080d07e"
  Expenses:GeneralExpense:BankFeesExpense 980 HKD
  qty: "1"
  description: "ANNUAL FEE "
  referenceNo: "1275"
  orderId: "d478a765-11ed-49aa-adb5-9afb3a41e25d"
  type: "Bill Item"
  sourceId: "322ce51b-6fe7-4a5a-9016-f2aaa7c105ca"
  Liabilities:CurrentLiabilities:AccountPayable
  referenceNo: "1275"
  orderId: "d478a765-11ed-49aa-adb5-9afb3a41e25d"
  type: "Bill"
  sourceId: "d478a765-11ed-49aa-adb5-9afb3a41e25d"
  contact: "880 806 () [53b8789a-4451-4a1f-84f7-a9c5da7ada1a]"
2024-08-27 * "Bill #1100 店鋪入貨"
  referenceNo: "1100"
  orderId: "19e609b4-9615-42a5-b498-93fd577da213"
  type: "Bill"
  Expenses:CostOfSales:Purchase:PurchaseItem:BuyDiamond 4779 USD
  category: "Natural Diamond"
  sku: "DIA2401"
  qty: 1
  referenceNo: "1100"
  orderId: "19e609b4-9615-42a5-b498-93fd577da213"
  type: "Bill Item"
  sourceId: "3f36af39-dd86-423a-a5a9-723242bda495"
  Liabilities:CurrentLiabilities:AccountPayable
  referenceNo: "1100"
  orderId: "19e609b4-9615-42a5-b498-93fd577da213"
  type: "Bill"
  sourceId: "19e609b4-9615-42a5-b498-93fd577da213"
  contact: "852 31651680 (BEAUTY GEMS LTD.) [4a09f8d7-5aae-4d59-99d2-be869e64dda3]"
2024-08-27 * "880 806 () [53b8789a-4451-4a1f-84f7-a9c5da7ada1a]" "Bill Payment for Bill #1275 #072768af-3a57-4074-9c86-87356f8d0cf7"
  contact: "880 806 () [53b8789a-4451-4a1f-84f7-a9c5da7ada1a]"
  Liabilities:CurrentLiabilities:AccountPayable 10086.58 HKD
  type: "Bill Payment"
  sourceId: "072768af-3a57-4074-9c86-87356f8d0cf7"
  referenceNo: "1275"
  orderId: "d478a765-11ed-49aa-adb5-9afb3a41e25d"
  Assets:CurrentAssets:Bank:BocSavingBank -10086.58 HKD
  type: "Bill Payment"
  sourceId: "072768af-3a57-4074-9c86-87356f8d0cf7"
  referenceNo: "1275"
  orderId: "d478a765-11ed-49aa-adb5-9afb3a41e25d"
2024-08-27 * "Assets:CurrentAssets:Cash:CashInHand" "Invoice Payment for Invoice #474 #b796f5f6-dc22-458e-8aae-f08fed556d6b"
  Assets:CurrentAssets:Cash:CashInHand 1250 HKD
  type: "Invoice Payment"
  sourceId: "b796f5f6-dc22-458e-8aae-f08fed556d6b"
  referenceNo: "474"
  orderId: "7038eb28-e629-40d7-b2ff-2f0c65e0fb32"
  Assets:CurrentAssets:AccountReceivable -1250 HKD
  type: "Invoice Payment"
  sourceId: "b796f5f6-dc22-458e-8aae-f08fed556d6b"
  referenceNo: "474"
  orderId: "7038eb28-e629-40d7-b2ff-2f0c65e0fb32"
  contact: "852 69716883 (MS MARGARET LEE) [7aa93510-6199-4b80-b6d9-70af1e341d5e]"
2024-08-27 * "Assets:CurrentAssets:Bank:BocSavingBank" "Invoice Payment for Invoice #474 #d541fb8b-c83f-464f-9bde-85d350f3bc3f"
  Assets:CurrentAssets:Bank:BocSavingBank 3300 HKD
  type: "Invoice Payment"
  sourceId: "d541fb8b-c83f-464f-9bde-85d350f3bc3f"
  referenceNo: "474"
  orderId: "7038eb28-e629-40d7-b2ff-2f0c65e0fb32"
  Assets:CurrentAssets:AccountReceivable -3300 HKD
  type: "Invoice Payment"
  sourceId: "d541fb8b-c83f-464f-9bde-85d350f3bc3f"
  referenceNo: "474"
  orderId: "7038eb28-e629-40d7-b2ff-2f0c65e0fb32"
  contact: "852 69716883 (MS MARGARET LEE) [7aa93510-6199-4b80-b6d9-70af1e341d5e]"
2024-08-27 * "Invoice #685 R24125 WG #19 R24131 RG #19"
  Income:Sales:SalesItem:Sell18kJewelry -2500 HKD
  category: "Jewelry"
  sku: "DD2024090800000003"
  qty: 1
  referenceNo: "685"
  orderId: "1b72d1a6-9be2-4f63-8bb0-01626ecc6133"
  type: "Invoice Item"
  sourceId: "c41451bf-ee5a-4f96-aab0-6c201c6b9c74"
  Income:Sales:SalesItem:Sell18kJewelry -2500 HKD
  category: "Jewelry"
  sku: "DD2024080700000002"
  qty: 1
  referenceNo: "685"
  orderId: "1b72d1a6-9be2-4f63-8bb0-01626ecc6133"
  type: "Invoice Item"
  sourceId: "c279c666-e917-433d-8d1a-6891e4f4dcf9"
  Assets:CurrentAssets:AccountReceivable
  referenceNo: "685"
  orderId: "1b72d1a6-9be2-4f63-8bb0-01626ecc6133"
  type: "Invoice"
  sourceId: "1b72d1a6-9be2-4f63-8bb0-01626ecc6133"
  contact: "852 54332298 (MR. CHAN) [e4099299-42b3-4b28-bad6-61f8faef9b06]"
2024-08-27 * "Assets:CurrentAssets:Bank:BocSavingBank" "Invoice Payment for Invoice #685 #b18bc545-c4b8-4bb9-a5ad-cd9dcf6af834"
  Assets:CurrentAssets:Bank:BocSavingBank 5000 HKD
  type: "Invoice Payment"
  sourceId: "b18bc545-c4b8-4bb9-a5ad-cd9dcf6af834"
  referenceNo: "685"
  orderId: "1b72d1a6-9be2-4f63-8bb0-01626ecc6133"
  Assets:CurrentAssets:AccountReceivable -5000 HKD
  type: "Invoice Payment"
  sourceId: "b18bc545-c4b8-4bb9-a5ad-cd9dcf6af834"
  referenceNo: "685"
  orderId: "1b72d1a6-9be2-4f63-8bb0-01626ecc6133"
  contact: "852 54332298 (MR. CHAN) [e4099299-42b3-4b28-bad6-61f8faef9b06]"
2024-08-27 * "Invoice #482 Staff~ Vida Stock Gold Jewellery"
  Income:Sales:SalesItem:SellGoldJewelry -8500 HKD
  category: "Gold Jewelry"
  sku: "DDFF23051203000000000018"
  qty: 1
  referenceNo: "482"
  orderId: "d4ea306c-7dd5-473a-8148-5d843e1b83db"
  type: "Invoice Item"
  sourceId: "44f565b0-78f0-4194-9a0b-3b8d523c5667"
  Assets:CurrentAssets:AccountReceivable
  referenceNo: "482"
  orderId: "d4ea306c-7dd5-473a-8148-5d843e1b83db"
  type: "Invoice"
  sourceId: "d4ea306c-7dd5-473a-8148-5d843e1b83db"
  contact: "852 90551171 (VIDA) [e6849602-7837-4c55-9238-f7eacce03b4f]"
2024-08-27 * "Assets:CurrentAssets:Cash:CashInHand" "Invoice Payment for Invoice #482 #0e7410d0-846b-4ac6-9711-23e71492abde"
  Assets:CurrentAssets:Cash:CashInHand 8500 HKD
  type: "Invoice Payment"
  sourceId: "0e7410d0-846b-4ac6-9711-23e71492abde"
  referenceNo: "482"
  orderId: "d4ea306c-7dd5-473a-8148-5d843e1b83db"
  Assets:CurrentAssets:AccountReceivable -8500 HKD
  type: "Invoice Payment"
  sourceId: "0e7410d0-846b-4ac6-9711-23e71492abde"
  referenceNo: "482"
  orderId: "d4ea306c-7dd5-473a-8148-5d843e1b83db"
  contact: "852 90551171 (VIDA) [e6849602-7837-4c55-9238-f7eacce03b4f]"
2024-08-29 * "Invoice #483 staff~余哥 Stock Gold Jewellery 11.58g"
  Income:Sales:SalesItem:SellGoldJewelry -7000 HKD
  category: "Gold Jewelry"
  sku: "DDFF23051701000000000006"
  qty: 1
  referenceNo: "483"
  orderId: "7a387320-eebb-42c6-80cc-49526d3697bf"
  type: "Invoice Item"
  sourceId: "99d082cd-7c6e-4dca-9478-974e6d048340"
  Assets:CurrentAssets:AccountReceivable
  referenceNo: "483"
  orderId: "7a387320-eebb-42c6-80cc-49526d3697bf"
  type: "Invoice"
  sourceId: "7a387320-eebb-42c6-80cc-49526d3697bf"
  contact: "880 802 (Walk in) [42348712-7daa-4c29-93b7-756b472429a4]"
2024-08-30 * "Invoice #486 CHANGE GOLD (DAVID CLIENT) Gold Jewellery 3.91g"
  Income:Sales:SalesItem:SellGoldJewelry -2400 HKD
  category: "Gold Jewelry"
  sku: "DDFF23051702000000000001"
  qty: 1
  referenceNo: "486"
  orderId: "cad2c555-eb63-425a-a2b8-e9552029880b"
  type: "Invoice Item"
  sourceId: "5bd204b8-27c3-46ad-b1f8-c76446ca3bed"
  Assets:CurrentAssets:AccountReceivable
  referenceNo: "486"
  orderId: "cad2c555-eb63-425a-a2b8-e9552029880b"
  type: "Invoice"
  sourceId: "cad2c555-eb63-425a-a2b8-e9552029880b"
  contact: "880 802 (Walk in) [42348712-7daa-4c29-93b7-756b472429a4]"
2024-08-30 * "Bill #1093 SALARY 24年8月"
  referenceNo: "1093"
  orderId: "53e13a05-c349-4bb8-a5dc-5a5d291033bf"
  type: "Bill"
  Expenses:GeneralExpense:WagesAndSalaries 67450 HKD
  qty: "1"
  description: "SALARY 24年8月"
  referenceNo: "1093"
  orderId: "53e13a05-c349-4bb8-a5dc-5a5d291033bf"
  type: "Bill Item"
  sourceId: "f755f2fa-949d-4ae5-8cf0-1abe12f1406a"
  Expenses:GeneralExpense:BankFeesExpense 2.1 HKD
  qty: "1"
  description: "BANK FEE "
  referenceNo: "1093"
  orderId: "53e13a05-c349-4bb8-a5dc-5a5d291033bf"
  type: "Bill Item"
  sourceId: "e6aaed35-3092-40c3-bc71-623d454c939d"
  Liabilities:CurrentLiabilities:AccountPayable
  referenceNo: "1093"
  orderId: "53e13a05-c349-4bb8-a5dc-5a5d291033bf"
  type: "Bill"
  sourceId: "53e13a05-c349-4bb8-a5dc-5a5d291033bf"
  contact: "880 806 () [53b8789a-4451-4a1f-84f7-a9c5da7ada1a]"
2024-08-30 * "Assets:CurrentAssets:Cash:CashInHand" "Invoice Payment for Invoice #486 #e9e2d9d7-0cc0-4361-be9a-75a55b5690f7"
  Assets:CurrentAssets:Cash:CashInHand 2400 HKD
  type: "Invoice Payment"
  sourceId: "e9e2d9d7-0cc0-4361-be9a-75a55b5690f7"
  referenceNo: "486"
  orderId: "cad2c555-eb63-425a-a2b8-e9552029880b"
  Assets:CurrentAssets:AccountReceivable -2400 HKD
  type: "Invoice Payment"
  sourceId: "e9e2d9d7-0cc0-4361-be9a-75a55b5690f7"
  referenceNo: "486"
  orderId: "cad2c555-eb63-425a-a2b8-e9552029880b"
  contact: "880 802 (Walk in) [42348712-7daa-4c29-93b7-756b472429a4]"
2024-08-30 * "880 806 () [53b8789a-4451-4a1f-84f7-a9c5da7ada1a]" "Bill Payment for Bill #1093 #415d1804-9f08-40ea-bc88-3cf2d416c4f1"
  contact: "880 806 () [53b8789a-4451-4a1f-84f7-a9c5da7ada1a]"
  Liabilities:CurrentLiabilities:AccountPayable 2.1 HKD
  type: "Bill Payment"
  sourceId: "415d1804-9f08-40ea-bc88-3cf2d416c4f1"
  referenceNo: "1093"
  orderId: "53e13a05-c349-4bb8-a5dc-5a5d291033bf"
  Assets:CurrentAssets:Bank:BocSavingBank -2.1 HKD
  type: "Bill Payment"
  sourceId: "415d1804-9f08-40ea-bc88-3cf2d416c4f1"
  referenceNo: "1093"
  orderId: "53e13a05-c349-4bb8-a5dc-5a5d291033bf"
2024-08-30 * "880 806 () [53b8789a-4451-4a1f-84f7-a9c5da7ada1a]" "Bill Payment for Bill #1093 #b8da5589-74d6-4398-83c5-53b733c88a7d"
  contact: "880 806 () [53b8789a-4451-4a1f-84f7-a9c5da7ada1a]"
  Liabilities:CurrentLiabilities:AccountPayable 67450 HKD
  type: "Bill Payment"
  sourceId: "b8da5589-74d6-4398-83c5-53b733c88a7d"
  referenceNo: "1093"
  orderId: "53e13a05-c349-4bb8-a5dc-5a5d291033bf"
  Assets:CurrentAssets:Bank:BocSavingBank -67450 HKD
  type: "Bill Payment"
  sourceId: "b8da5589-74d6-4398-83c5-53b733c88a7d"
  referenceNo: "1093"
  orderId: "53e13a05-c349-4bb8-a5dc-5a5d291033bf"
2024-08-30 * "Assets:CurrentAssets:Bank:KpayBank" "Invoice Payment for Invoice #483 #a1c9699e-866c-4378-a6e6-b1a4e1ee2c7d"
  Assets:CurrentAssets:Bank:KpayBank 7000 HKD
  type: "Invoice Payment"
  sourceId: "a1c9699e-866c-4378-a6e6-b1a4e1ee2c7d"
  referenceNo: "483"
  orderId: "7a387320-eebb-42c6-80cc-49526d3697bf"
  Assets:CurrentAssets:AccountReceivable -7000 HKD
  type: "Invoice Payment"
  sourceId: "a1c9699e-866c-4378-a6e6-b1a4e1ee2c7d"
  referenceNo: "483"
  orderId: "7a387320-eebb-42c6-80cc-49526d3697bf"
  contact: "880 802 (Walk in) [42348712-7daa-4c29-93b7-756b472429a4]"
2024-08-31 * "Invoice #490 NTEREST"
  Income:OtherIncome:Interest-bank -231.21 HKD
  description: "NTEREST"
  qty: 1
  referenceNo: "490"
  orderId: "9bde202e-5efd-4b45-9fa3-b87e7203e711"
  type: "Invoice Item"
  sourceId: "05b58f94-9425-4f9b-978c-889f752e14af"
  Assets:CurrentAssets:AccountReceivable
  referenceNo: "490"
  orderId: "9bde202e-5efd-4b45-9fa3-b87e7203e711"
  type: "Invoice"
  sourceId: "9bde202e-5efd-4b45-9fa3-b87e7203e711"
  contact: "998 12345835 (boc(bank of china)) [82f385a7-d238-4826-9a12-e06648f93cdb]"
2024-08-31 * "Invoice #624 Assist MW in hedging used Icmarket acc 2024-08"
  Income:OtherIncome:AssistHedging金 -455879.83 USDT
  description: "assist MW in hedging used Icmarket acc 2024.0801-0831"
  qty: 1
  referenceNo: "624"
  orderId: "7360422a-718a-4ec5-924d-2c4f2678c38b"
  type: "Invoice Item"
  sourceId: "2c85b4e5-cc93-4c6c-ad07-64c0ef0a14e8"
  Assets:CurrentAssets:AccountReceivable
  referenceNo: "624"
  orderId: "7360422a-718a-4ec5-924d-2c4f2678c38b"
  type: "Invoice"
  sourceId: "7360422a-718a-4ec5-924d-2c4f2678c38b"
  contact: "852 62244422 (Milways Gold Ltd 萬寶黄金有限公司) [2dcfeea3-ab5e-40a3-a0af-00101f3873fa]"
2024-08-31 * "Invoice #601 Rebate From ICmarket 2024-08-14 至 08-27"
  Income:OtherIncome:RebateFromLp -26.01 USDT
  description: "Manual (Back office) 08-14 至 08-27"
  qty: 1
  referenceNo: "601"
  orderId: "b99b20d4-f225-485d-904e-4722f9e05112"
  type: "Invoice Item"
  sourceId: "7ef5d135-aa5c-438c-94d8-61b785f1d6d5"
  Assets:CurrentAssets:AccountReceivable
  referenceNo: "601"
  orderId: "b99b20d4-f225-485d-904e-4722f9e05112"
  type: "Invoice"
  sourceId: "b99b20d4-f225-485d-904e-4722f9e05112"
  contact: "852 666666 (icmarket) [666112b8-2856-4ed8-8370-eb4b911be7b5]"
2024-08-31 * "Invoice #599 Rebate From ICmarket 2024-08"
  Income:OtherIncome:RebateFromLp -558.95 USDT
  description: "Manual (Back office) 08-01至08-31"
  qty: 1
  referenceNo: "599"
  orderId: "2105f71f-70fc-4602-8705-23c1f8413de6"
  type: "Invoice Item"
  sourceId: "90e4644a-12c1-4a13-be00-df7e52b12538"
  Assets:CurrentAssets:AccountReceivable
  referenceNo: "599"
  orderId: "2105f71f-70fc-4602-8705-23c1f8413de6"
  type: "Invoice"
  sourceId: "2105f71f-70fc-4602-8705-23c1f8413de6"
  contact: "852 666666 (icmarket) [666112b8-2856-4ed8-8370-eb4b911be7b5]"
2024-08-31 * "Bill #1188 Cost of Hedging (金) 2024-08"
  referenceNo: "1188"
  orderId: "ec1f5621-d04a-4b06-ada9-9838311c0190"
  type: "Bill"
  Expenses:OtherExpenses:CostOfHedging金 455879.83 USDT
  qty: "1"
  description: "Closed Trade P/L 2024-08"
  referenceNo: "1188"
  orderId: "ec1f5621-d04a-4b06-ada9-9838311c0190"
  type: "Bill Item"
  sourceId: "06413c28-7559-4d8a-9a26-70c989413ab8"
  Liabilities:CurrentLiabilities:AccountPayable
  referenceNo: "1188"
  orderId: "ec1f5621-d04a-4b06-ada9-9838311c0190"
  type: "Bill"
  sourceId: "ec1f5621-d04a-4b06-ada9-9838311c0190"
  contact: "852 666666 (icmarket) [666112b8-2856-4ed8-8370-eb4b911be7b5]"
2024-08-31 * "Bill #1190 Lost of Invest-MT57170667-2024 08-14至08-27"
  referenceNo: "1190"
  orderId: "19f8550d-a31d-4fe1-8726-083d9cc6fc9f"
  type: "Bill"
  Expenses:OtherExpenses:LostOfInvestment 261.71 USDT
  qty: "1"
  description: "Closed Trade P/L 08-14至08-27"
  referenceNo: "1190"
  orderId: "19f8550d-a31d-4fe1-8726-083d9cc6fc9f"
  type: "Bill Item"
  sourceId: "5e63021e-561e-49d8-9ee1-750523395349"
  Liabilities:CurrentLiabilities:AccountPayable
  referenceNo: "1190"
  orderId: "19f8550d-a31d-4fe1-8726-083d9cc6fc9f"
  type: "Bill"
  sourceId: "19f8550d-a31d-4fe1-8726-083d9cc6fc9f"
  contact: "852 666666 (icmarket) [666112b8-2856-4ed8-8370-eb4b911be7b5]"
2024-08-31 * "Bill #1208 Kpay 08/24 手續費"
  referenceNo: "1208"
  orderId: "f3111121-a68b-477e-b9f9-9c2cfe021155"
  type: "Bill"
  Expenses:GeneralExpense:CardFeeExpense 59.2 HKD
  qty: "1"
  description: "kpay146 (3880-3820.8=59.2)"
  referenceNo: "1208"
  orderId: "f3111121-a68b-477e-b9f9-9c2cfe021155"
  type: "Bill Item"
  sourceId: "37fce431-7335-4a2c-9cb6-e6607a492c5c"
  Expenses:GeneralExpense:CardFeeExpense 75.25 HKD
  qty: "1"
  description: "kpay148 (4950-4874.75=75.25)"
  referenceNo: "1208"
  orderId: "f3111121-a68b-477e-b9f9-9c2cfe021155"
  type: "Bill Item"
  sourceId: "9504c3c6-be35-4c36-b0d4-0ae8d0dbc7cb"
  Expenses:GeneralExpense:CardFeeExpense 144.25 HKD
  qty: "1"
  description: "
kpay149 (9550-9405.75=144.25)"
  referenceNo: "1208"
  orderId: "f3111121-a68b-477e-b9f9-9c2cfe021155"
  type: "Bill Item"
  sourceId: "63d1f91f-d9fa-4047-b9b2-4d134b0da922"
  Expenses:GeneralExpense:CardFeeExpense 285.4 HKD
  qty: "1"
  description: "
kpay144 (21200-20914.6=285.4)"
  referenceNo: "1208"
  orderId: "f3111121-a68b-477e-b9f9-9c2cfe021155"
  type: "Bill Item"
  sourceId: "12229f55-01f1-490e-a862-86979dda9954"
  Expenses:GeneralExpense:CardFeeExpense 25.96 HKD
  qty: "1"
  description: "kpay145 (2080-2054.04=25.96)"
  referenceNo: "1208"
  orderId: "f3111121-a68b-477e-b9f9-9c2cfe021155"
  type: "Bill Item"
  sourceId: "60f4a5ea-5532-4ff7-a5bd-2f6ad775a866"
  Expenses:GeneralExpense:CardFeeExpense 277 HKD
  qty: "1"
  description: "kpay147 (18400-18123=277)"
  referenceNo: "1208"
  orderId: "f3111121-a68b-477e-b9f9-9c2cfe021155"
  type: "Bill Item"
  sourceId: "293a3a9d-b566-453e-8244-8042f9bf04cf"
  Expenses:GeneralExpense:CardFeeExpense 64 HKD
  qty: "1"
  description: "kpay150 (4200-4136=64)"
  referenceNo: "1208"
  orderId: "f3111121-a68b-477e-b9f9-9c2cfe021155"
  type: "Bill Item"
  sourceId: "8aed698a-628f-4581-b56d-636ccc73b35a"
  Liabilities:CurrentLiabilities:AccountPayable
  referenceNo: "1208"
  orderId: "f3111121-a68b-477e-b9f9-9c2cfe021155"
  type: "Bill"
  sourceId: "f3111121-a68b-477e-b9f9-9c2cfe021155"
  contact: "998 12345821 (KPAY) [5a706f32-7edc-48d8-ae47-62fee1e8bba1]"
2024-08-31 * "Assets:CurrentAssets:Bank:BocSavingBank" "Invoice Payment for Invoice #491 #402ae8e6-0201-4746-9fd2-696960e861b0"
  Assets:CurrentAssets:Bank:BocSavingBank 2500 HKD
  type: "Invoice Payment"
  sourceId: "402ae8e6-0201-4746-9fd2-696960e861b0"
  referenceNo: "491"
  orderId: "c7ba10aa-76ab-4b37-9b61-b64d9f3b31a7"
  Assets:CurrentAssets:AccountReceivable -2500 HKD
  type: "Invoice Payment"
  sourceId: "402ae8e6-0201-4746-9fd2-696960e861b0"
  referenceNo: "491"
  orderId: "c7ba10aa-76ab-4b37-9b61-b64d9f3b31a7"
  contact: "852 60322823 (Dora Leung) [63b12cff-3a6c-44b7-a2ea-3ccf849c8c15]"
2024-08-31 * "Assets:CurrentAssets:E-tradingPlatform:Mt57170667Invest" "Invoice Payment for Invoice #601 #ea0d38d9-c5ef-4dbf-89e5-27c2e9445ee4"
  Assets:CurrentAssets:E-tradingPlatform:Mt57170667Invest 26.01 USDT
  type: "Invoice Payment"
  sourceId: "ea0d38d9-c5ef-4dbf-89e5-27c2e9445ee4"
  referenceNo: "601"
  orderId: "b99b20d4-f225-485d-904e-4722f9e05112"
  Assets:CurrentAssets:AccountReceivable -26.01 USDT
  type: "Invoice Payment"
  sourceId: "ea0d38d9-c5ef-4dbf-89e5-27c2e9445ee4"
  referenceNo: "601"
  orderId: "b99b20d4-f225-485d-904e-4722f9e05112"
  contact: "852 666666 (icmarket) [666112b8-2856-4ed8-8370-eb4b911be7b5]"
2024-08-31 * "Assets:CurrentAssets:Bank:BocSavingBank" "Invoice Payment for Invoice #490 #056d72a3-29a5-43d6-b3ff-969f36462e2a"
  Assets:CurrentAssets:Bank:BocSavingBank 231.21 HKD
  type: "Invoice Payment"
  sourceId: "056d72a3-29a5-43d6-b3ff-969f36462e2a"
  referenceNo: "490"
  orderId: "9bde202e-5efd-4b45-9fa3-b87e7203e711"
  Assets:CurrentAssets:AccountReceivable -231.21 HKD
  type: "Invoice Payment"
  sourceId: "056d72a3-29a5-43d6-b3ff-969f36462e2a"
  referenceNo: "490"
  orderId: "9bde202e-5efd-4b45-9fa3-b87e7203e711"
  contact: "998 12345835 (boc(bank of china)) [82f385a7-d238-4826-9a12-e06648f93cdb]"
2024-08-31 * "Assets:CurrentAssets:Wallet:DkkCWallet金料" "Invoice Payment for Invoice #624 #0a74de81-94aa-42e7-a041-5205dccbd9ae"
  Assets:CurrentAssets:Wallet:DkkCWallet金料 455879.83 USDT
  type: "Invoice Payment"
  sourceId: "0a74de81-94aa-42e7-a041-5205dccbd9ae"
  referenceNo: "624"
  orderId: "7360422a-718a-4ec5-924d-2c4f2678c38b"
  Assets:CurrentAssets:AccountReceivable -455879.83 USDT
  type: "Invoice Payment"
  sourceId: "0a74de81-94aa-42e7-a041-5205dccbd9ae"
  referenceNo: "624"
  orderId: "7360422a-718a-4ec5-924d-2c4f2678c38b"
  contact: "852 62244422 (Milways Gold Ltd 萬寶黄金有限公司) [2dcfeea3-ab5e-40a3-a0af-00101f3873fa]"
2024-08-31 * "Assets:CurrentAssets:E-tradingPlatform:Mt4320039271金" "Invoice Payment for Invoice #599 #c014a83a-4f6b-4a9d-b879-f3d445178d98"
  Assets:CurrentAssets:E-tradingPlatform:Mt4320039271金 558.95 USDT
  type: "Invoice Payment"
  sourceId: "c014a83a-4f6b-4a9d-b879-f3d445178d98"
  referenceNo: "599"
  orderId: "2105f71f-70fc-4602-8705-23c1f8413de6"
  Assets:CurrentAssets:AccountReceivable -558.95 USDT
  type: "Invoice Payment"
  sourceId: "c014a83a-4f6b-4a9d-b879-f3d445178d98"
  referenceNo: "599"
  orderId: "2105f71f-70fc-4602-8705-23c1f8413de6"
  contact: "852 666666 (icmarket) [666112b8-2856-4ed8-8370-eb4b911be7b5]"
2024-08-31 * "852 666666 (icmarket) [666112b8-2856-4ed8-8370-eb4b911be7b5]" "Bill Payment for Bill #1190 #8c39a88c-66cc-4c1c-b8dc-576dc77c05f4"
  contact: "852 666666 (icmarket) [666112b8-2856-4ed8-8370-eb4b911be7b5]"
  Liabilities:CurrentLiabilities:AccountPayable 261.71 USDT
  type: "Bill Payment"
  sourceId: "8c39a88c-66cc-4c1c-b8dc-576dc77c05f4"
  referenceNo: "1190"
  orderId: "19f8550d-a31d-4fe1-8726-083d9cc6fc9f"
  Assets:CurrentAssets:E-tradingPlatform:Mt57170667Invest -261.71 USDT
  type: "Bill Payment"
  sourceId: "8c39a88c-66cc-4c1c-b8dc-576dc77c05f4"
  referenceNo: "1190"
  orderId: "19f8550d-a31d-4fe1-8726-083d9cc6fc9f"
2024-08-31 * "998 12345821 (KPAY) [5a706f32-7edc-48d8-ae47-62fee1e8bba1]" "Bill Payment for Bill #1208 #07cb2f50-2e82-4c3c-a64d-21b50d9ed559"
  contact: "998 12345821 (KPAY) [5a706f32-7edc-48d8-ae47-62fee1e8bba1]"
  Liabilities:CurrentLiabilities:AccountPayable 931.06 HKD
  type: "Bill Payment"
  sourceId: "07cb2f50-2e82-4c3c-a64d-21b50d9ed559"
  referenceNo: "1208"
  orderId: "f3111121-a68b-477e-b9f9-9c2cfe021155"
  Assets:CurrentAssets:Bank:KpayBank -931.06 HKD
  type: "Bill Payment"
  sourceId: "07cb2f50-2e82-4c3c-a64d-21b50d9ed559"
  referenceNo: "1208"
  orderId: "f3111121-a68b-477e-b9f9-9c2cfe021155"
2024-08-31 * "852 666666 (icmarket) [666112b8-2856-4ed8-8370-eb4b911be7b5]" "Bill Payment for Bill #1188 #39658b94-e97f-4864-bce5-a4d14e6ed78a"
  contact: "852 666666 (icmarket) [666112b8-2856-4ed8-8370-eb4b911be7b5]"
  Liabilities:CurrentLiabilities:AccountPayable 455879.83 USDT
  type: "Bill Payment"
  sourceId: "39658b94-e97f-4864-bce5-a4d14e6ed78a"
  referenceNo: "1188"
  orderId: "ec1f5621-d04a-4b06-ada9-9838311c0190"
  Assets:CurrentAssets:E-tradingPlatform:Mt4320039271金 -455879.83 USDT
  type: "Bill Payment"
  sourceId: "39658b94-e97f-4864-bce5-a4d14e6ed78a"
  referenceNo: "1188"
  orderId: "ec1f5621-d04a-4b06-ada9-9838311c0190"
2024-08-31 * "Invoice #484 R24125 WG #12 N24134 WG"
  Income:Sales:SalesItem:Sell18kJewelry -3300 HKD
  category: "Jewelry"
  sku: "DD2024082600000005"
  qty: 1
  referenceNo: "484"
  orderId: "899b7fcd-a9fd-4c04-8a06-1ce5bf192ced"
  type: "Invoice Item"
  sourceId: "ce3ffaa1-508d-405f-a8e4-fd11cb9ef082"
  Income:Sales:SalesItem:Sell18kJewelry -2500 HKD
  category: "Jewelry"
  sku: "DD2024091400000002"
  qty: 1
  referenceNo: "484"
  orderId: "899b7fcd-a9fd-4c04-8a06-1ce5bf192ced"
  type: "Invoice Item"
  sourceId: "c3329429-713b-4827-a923-178ee37e55a8"
  Assets:CurrentAssets:AccountReceivable
  referenceNo: "484"
  orderId: "899b7fcd-a9fd-4c04-8a06-1ce5bf192ced"
  type: "Invoice"
  sourceId: "899b7fcd-a9fd-4c04-8a06-1ce5bf192ced"
  contact: "852 64887476 (MS JENNY CHAN) [4729ed59-9c06-490c-8c99-04a016cbd098]"
2024-08-31 * "Assets:CurrentAssets:Bank:KpayBank" "Invoice Payment for Invoice #484 #74f5a976-26ae-43cc-898c-98fc64d6e6a4"
  Assets:CurrentAssets:Bank:KpayBank 5800 HKD
  type: "Invoice Payment"
  sourceId: "74f5a976-26ae-43cc-898c-98fc64d6e6a4"
  referenceNo: "484"
  orderId: "899b7fcd-a9fd-4c04-8a06-1ce5bf192ced"
  Assets:CurrentAssets:AccountReceivable -5800 HKD
  type: "Invoice Payment"
  sourceId: "74f5a976-26ae-43cc-898c-98fc64d6e6a4"
  referenceNo: "484"
  orderId: "899b7fcd-a9fd-4c04-8a06-1ce5bf192ced"
  contact: "852 64887476 (MS JENNY CHAN) [4729ed59-9c06-490c-8c99-04a016cbd098]"
2024-08-31 * "Invoice #485 staff~cherry Stock Gold Jewellery 5.17g"
  Income:Sales:SalesItem:SellGoldJewelry -3000 HKD
  category: "Gold Jewelry"
  sku: "DD2310200000000000000161"
  qty: 1
  referenceNo: "485"
  orderId: "55ab4ed0-3ebd-4009-a46a-2aac90598b76"
  type: "Invoice Item"
  sourceId: "039de268-7c73-4453-aed9-1145b6581f20"
  Assets:CurrentAssets:AccountReceivable
  referenceNo: "485"
  orderId: "55ab4ed0-3ebd-4009-a46a-2aac90598b76"
  type: "Invoice"
  sourceId: "55ab4ed0-3ebd-4009-a46a-2aac90598b76"
  contact: "852 60778313 (Ms  Cherry) [fbdae0a3-ab5e-4744-8c3f-c879d994c990]"
2024-08-31 * "Assets:CurrentAssets:Cash:CashInHand" "Invoice Payment for Invoice #485 #a5fc30ca-a963-4877-a19b-829813d51c4a"
  Assets:CurrentAssets:Cash:CashInHand 3000 HKD
  type: "Invoice Payment"
  sourceId: "a5fc30ca-a963-4877-a19b-829813d51c4a"
  referenceNo: "485"
  orderId: "55ab4ed0-3ebd-4009-a46a-2aac90598b76"
  Assets:CurrentAssets:AccountReceivable -3000 HKD
  type: "Invoice Payment"
  sourceId: "a5fc30ca-a963-4877-a19b-829813d51c4a"
  referenceNo: "485"
  orderId: "55ab4ed0-3ebd-4009-a46a-2aac90598b76"
  contact: "852 60778313 (Ms  Cherry) [fbdae0a3-ab5e-4744-8c3f-c879d994c990]"