; ORDER transactions for 2024-07

2024-07-01 * "880 806 () [53b8789a-4451-4a1f-84f7-a9c5da7ada1a]" "Bill Payment for Bill #1010 #25a7e8e5-e4e8-4d23-bf62-7552a64421b8"
  Liabilities:CurrentLiabilities:AccountPayable 214.00 HKD
  contact: "880 806 () [53b8789a-4451-4a1f-84f7-a9c5da7ada1a]"
  type: "Bill Payment"
  sourceId: "25a7e8e5-e4e8-4d23-bf62-7552a64421b8"
  referenceNo: "1010"
  orderId: "3df747da-1434-4d3a-be56-ed9696269b10"
  Liabilities:CurrentLiabilities:CurrentAccount:C-a-MilrichElectronicsHkCoLtd -214.00 HKD
  type: "Bill Payment"
  sourceId: "25a7e8e5-e4e8-4d23-bf62-7552a64421b8"
  referenceNo: "1010"
  orderId: "3df747da-1434-4d3a-be56-ed9696269b10"
2024-07-01 * "Bill #1025 G17 24年月 - 24年7月 電話費"
  referenceNo: "1025"
  orderId: "34c4cc34-23e0-4c5a-bc6d-882a0e4e31ee"
  type: "Bill"
  Expenses:GeneralExpense:TelephoneAndInternetAndAlarm 329.00 HKD
  qty: "1"
  description: "G17 24年4月 - 24年7月 電話費"
  referenceNo: "1025"
  orderId: "34c4cc34-23e0-4c5a-bc6d-882a0e4e31ee"
  type: "Bill Item"
  sourceId: "43830ba3-acd7-4f01-be5f-9c9d5d2d2643"
  Liabilities:CurrentLiabilities:AccountPayable
  referenceNo: "1025"
  orderId: "34c4cc34-23e0-4c5a-bc6d-882a0e4e31ee"
  type: "Bill"
  sourceId: "34c4cc34-23e0-4c5a-bc6d-882a0e4e31ee"
  contact: "880 806 () [53b8789a-4451-4a1f-84f7-a9c5da7ada1a]"
2024-07-01 * "880 806 () [53b8789a-4451-4a1f-84f7-a9c5da7ada1a]" "Bill Payment for Bill #1011 #5635e9e4-a927-439c-ae34-f0fd520f5334"
  Liabilities:CurrentLiabilities:AccountPayable 3000.00 HKD
  contact: "880 806 () [53b8789a-4451-4a1f-84f7-a9c5da7ada1a]"
  type: "Bill Payment"
  sourceId: "5635e9e4-a927-439c-ae34-f0fd520f5334"
  referenceNo: "1011"
  orderId: "6a800910-f896-47aa-a457-9f8a7a2a8fd7"
  Liabilities:CurrentLiabilities:CurrentAccount:C-a-MilrichElectronicsHkCoLtd -3000.00 HKD
  type: "Bill Payment"
  sourceId: "5635e9e4-a927-439c-ae34-f0fd520f5334"
  referenceNo: "1011"
  orderId: "6a800910-f896-47aa-a457-9f8a7a2a8fd7"
2024-07-01 * "880 806 () [53b8789a-4451-4a1f-84f7-a9c5da7ada1a]" "Bill Payment for Bill #1012 #ae06e444-d5bd-4a12-8186-ff38e6ae9205"
  Liabilities:CurrentLiabilities:AccountPayable 2115.00 HKD
  contact: "880 806 () [53b8789a-4451-4a1f-84f7-a9c5da7ada1a]"
  type: "Bill Payment"
  sourceId: "ae06e444-d5bd-4a12-8186-ff38e6ae9205"
  referenceNo: "1012"
  orderId: "6d37efb7-dd5a-4f67-9072-87ee6f85846a"
  Liabilities:CurrentLiabilities:CurrentAccount:C-a-MilrichElectronicsHkCoLtd -2115.00 HKD
  type: "Bill Payment"
  sourceId: "ae06e444-d5bd-4a12-8186-ff38e6ae9205"
  referenceNo: "1012"
  orderId: "6d37efb7-dd5a-4f67-9072-87ee6f85846a"
2024-07-01 * "880 806 () [53b8789a-4451-4a1f-84f7-a9c5da7ada1a]" "Bill Payment for Bill #1015 #1f83af16-d8f6-4700-a22a-fafc947ee428"
  Liabilities:CurrentLiabilities:AccountPayable 10000.00 HKD
  contact: "880 806 () [53b8789a-4451-4a1f-84f7-a9c5da7ada1a]"
  type: "Bill Payment"
  sourceId: "1f83af16-d8f6-4700-a22a-fafc947ee428"
  referenceNo: "1015"
  orderId: "bec21090-dda7-4e09-a1b2-d840ad0b81f3"
  Liabilities:CurrentLiabilities:CurrentAccount:C-a-MilrichElectronicsHkCoLtd -10000.00 HKD
  type: "Bill Payment"
  sourceId: "1f83af16-d8f6-4700-a22a-fafc947ee428"
  referenceNo: "1015"
  orderId: "bec21090-dda7-4e09-a1b2-d840ad0b81f3"
2024-07-01 * "880 806 () [53b8789a-4451-4a1f-84f7-a9c5da7ada1a]" "Bill Payment for Bill #1016 #0c8c8698-3546-4ccf-b7ef-2d306435585f"
  Liabilities:CurrentLiabilities:AccountPayable 338.00 HKD
  contact: "880 806 () [53b8789a-4451-4a1f-84f7-a9c5da7ada1a]"
  type: "Bill Payment"
  sourceId: "0c8c8698-3546-4ccf-b7ef-2d306435585f"
  referenceNo: "1016"
  orderId: "0d80738b-602e-417a-a051-897fd0977b23"
  Liabilities:CurrentLiabilities:CurrentAccount:C-a-MilrichElectronicsHkCoLtd -338.00 HKD
  type: "Bill Payment"
  sourceId: "0c8c8698-3546-4ccf-b7ef-2d306435585f"
  referenceNo: "1016"
  orderId: "0d80738b-602e-417a-a051-897fd0977b23"
2024-07-01 * "880 806 () [53b8789a-4451-4a1f-84f7-a9c5da7ada1a]" "Bill Payment for Bill #1018 #0b94e39d-fd00-487f-b782-2a252cafdfaa"
  Liabilities:CurrentLiabilities:AccountPayable 338.00 HKD
  contact: "880 806 () [53b8789a-4451-4a1f-84f7-a9c5da7ada1a]"
  type: "Bill Payment"
  sourceId: "0b94e39d-fd00-487f-b782-2a252cafdfaa"
  referenceNo: "1018"
  orderId: "b983e9b9-ca23-4986-9a65-91ca9b8de17d"
  Liabilities:CurrentLiabilities:CurrentAccount:C-a-MilrichElectronicsHkCoLtd -338.00 HKD
  type: "Bill Payment"
  sourceId: "0b94e39d-fd00-487f-b782-2a252cafdfaa"
  referenceNo: "1018"
  orderId: "b983e9b9-ca23-4986-9a65-91ca9b8de17d"
2024-07-01 * "880 806 () [53b8789a-4451-4a1f-84f7-a9c5da7ada1a]" "Bill Payment for Bill #1019 #4190e534-61e9-42b2-87c5-e80dcf6e806c"
  Liabilities:CurrentLiabilities:AccountPayable 320.00 HKD
  contact: "880 806 () [53b8789a-4451-4a1f-84f7-a9c5da7ada1a]"
  type: "Bill Payment"
  sourceId: "4190e534-61e9-42b2-87c5-e80dcf6e806c"
  referenceNo: "1019"
  orderId: "6a124e3d-104d-4cbe-bc9b-2b7730ce5e6d"
  Liabilities:CurrentLiabilities:CurrentAccount:C-a-MilrichElectronicsHkCoLtd -320.00 HKD
  type: "Bill Payment"
  sourceId: "4190e534-61e9-42b2-87c5-e80dcf6e806c"
  referenceNo: "1019"
  orderId: "6a124e3d-104d-4cbe-bc9b-2b7730ce5e6d"
2024-07-01 * "880 806 () [53b8789a-4451-4a1f-84f7-a9c5da7ada1a]" "Bill Payment for Bill #1021 #cff17a4d-aeb3-48e2-a39e-94fdde8e51c3"
  Liabilities:CurrentLiabilities:AccountPayable 1295.00 HKD
  contact: "880 806 () [53b8789a-4451-4a1f-84f7-a9c5da7ada1a]"
  type: "Bill Payment"
  sourceId: "cff17a4d-aeb3-48e2-a39e-94fdde8e51c3"
  referenceNo: "1021"
  orderId: "cdb5b7f6-6d34-4497-ad9a-6e7548b85ce4"
  Liabilities:CurrentLiabilities:CurrentAccount:C-a-MilrichElectronicsHkCoLtd -1295.00 HKD
  type: "Bill Payment"
  sourceId: "cff17a4d-aeb3-48e2-a39e-94fdde8e51c3"
  referenceNo: "1021"
  orderId: "cdb5b7f6-6d34-4497-ad9a-6e7548b85ce4"
2024-07-01 * "880 806 () [53b8789a-4451-4a1f-84f7-a9c5da7ada1a]" "Bill Payment for Bill #1022 #4d626297-53ad-4327-92ca-d00e33770efe"
  Liabilities:CurrentLiabilities:AccountPayable 3986.00 HKD
  contact: "880 806 () [53b8789a-4451-4a1f-84f7-a9c5da7ada1a]"
  type: "Bill Payment"
  sourceId: "4d626297-53ad-4327-92ca-d00e33770efe"
  referenceNo: "1022"
  orderId: "af3d530d-352f-45ad-855c-f6912a559368"
  Liabilities:CurrentLiabilities:CurrentAccount:C-a-MilrichElectronicsHkCoLtd -3986.00 HKD
  type: "Bill Payment"
  sourceId: "4d626297-53ad-4327-92ca-d00e33770efe"
  referenceNo: "1022"
  orderId: "af3d530d-352f-45ad-855c-f6912a559368"
2024-07-01 * "880 806 () [53b8789a-4451-4a1f-84f7-a9c5da7ada1a]" "Bill Payment for Bill #1023 #88bfb31c-a7dc-4c42-9adc-13df951d4998"
  Liabilities:CurrentLiabilities:AccountPayable 1981.00 HKD
  contact: "880 806 () [53b8789a-4451-4a1f-84f7-a9c5da7ada1a]"
  type: "Bill Payment"
  sourceId: "88bfb31c-a7dc-4c42-9adc-13df951d4998"
  referenceNo: "1023"
  orderId: "512bbc53-0c24-47d0-adc8-9879d6fbe604"
  Liabilities:CurrentLiabilities:CurrentAccount:C-a-MilrichElectronicsHkCoLtd -1981.00 HKD
  type: "Bill Payment"
  sourceId: "88bfb31c-a7dc-4c42-9adc-13df951d4998"
  referenceNo: "1023"
  orderId: "512bbc53-0c24-47d0-adc8-9879d6fbe604"
2024-07-01 * "880 806 () [53b8789a-4451-4a1f-84f7-a9c5da7ada1a]" "Bill Payment for Bill #1025 #f3888de5-95d0-43af-90dc-b2e3ad419d68"
  Liabilities:CurrentLiabilities:AccountPayable 329.00 HKD
  contact: "880 806 () [53b8789a-4451-4a1f-84f7-a9c5da7ada1a]"
  type: "Bill Payment"
  sourceId: "f3888de5-95d0-43af-90dc-b2e3ad419d68"
  referenceNo: "1025"
  orderId: "34c4cc34-23e0-4c5a-bc6d-882a0e4e31ee"
  Liabilities:CurrentLiabilities:CurrentAccount:C-a-MilrichElectronicsHkCoLtd -329.00 HKD
  type: "Bill Payment"
  sourceId: "f3888de5-95d0-43af-90dc-b2e3ad419d68"
  referenceNo: "1025"
  orderId: "34c4cc34-23e0-4c5a-bc6d-882a0e4e31ee"
2024-07-01 * "880 806 () [53b8789a-4451-4a1f-84f7-a9c5da7ada1a]" "Bill Payment for Bill #1026 #9fd1889c-5176-49f1-a4b7-d688e4438c8a"
  Liabilities:CurrentLiabilities:AccountPayable 700.00 HKD
  contact: "880 806 () [53b8789a-4451-4a1f-84f7-a9c5da7ada1a]"
  type: "Bill Payment"
  sourceId: "9fd1889c-5176-49f1-a4b7-d688e4438c8a"
  referenceNo: "1026"
  orderId: "e6d9273e-c147-447b-8610-03a2a6ec4e7d"
  Liabilities:CurrentLiabilities:CurrentAccount:C-a-MilrichElectronicsHkCoLtd -700.00 HKD
  type: "Bill Payment"
  sourceId: "9fd1889c-5176-49f1-a4b7-d688e4438c8a"
  referenceNo: "1026"
  orderId: "e6d9273e-c147-447b-8610-03a2a6ec4e7d"
2024-07-01 * "880 806 () [53b8789a-4451-4a1f-84f7-a9c5da7ada1a]" "Bill Payment for Bill #1029 #a916305a-edc8-47d0-81cc-8e3e29889970"
  Liabilities:CurrentLiabilities:AccountPayable 2017.00 HKD
  contact: "880 806 () [53b8789a-4451-4a1f-84f7-a9c5da7ada1a]"
  type: "Bill Payment"
  sourceId: "a916305a-edc8-47d0-81cc-8e3e29889970"
  referenceNo: "1029"
  orderId: "b30fcbea-24a0-409b-b722-a1f93d3ed195"
  Liabilities:CurrentLiabilities:CurrentAccount:C-a-MilrichElectronicsHkCoLtd -2017.00 HKD
  type: "Bill Payment"
  sourceId: "a916305a-edc8-47d0-81cc-8e3e29889970"
  referenceNo: "1029"
  orderId: "b30fcbea-24a0-409b-b722-a1f93d3ed195"
2024-07-01 * "880 806 () [53b8789a-4451-4a1f-84f7-a9c5da7ada1a]" "Bill Payment for Bill #1030 #ea9b399b-7513-4f57-92ac-40b29b620c29"
  Liabilities:CurrentLiabilities:AccountPayable 6460.00 HKD
  contact: "880 806 () [53b8789a-4451-4a1f-84f7-a9c5da7ada1a]"
  type: "Bill Payment"
  sourceId: "ea9b399b-7513-4f57-92ac-40b29b620c29"
  referenceNo: "1030"
  orderId: "a64bb5eb-3dae-4a66-9d10-6394ef0fc3ba"
  Liabilities:CurrentLiabilities:CurrentAccount:C-a-MilrichElectronicsHkCoLtd -6460.00 HKD
  type: "Bill Payment"
  sourceId: "ea9b399b-7513-4f57-92ac-40b29b620c29"
  referenceNo: "1030"
  orderId: "a64bb5eb-3dae-4a66-9d10-6394ef0fc3ba"
2024-07-01 * "880 806 () [53b8789a-4451-4a1f-84f7-a9c5da7ada1a]" "Bill Payment for Bill #1031 #2a522321-3d8a-43ed-9846-d77ea165b174"
  Liabilities:CurrentLiabilities:AccountPayable 338.00 HKD
  contact: "880 806 () [53b8789a-4451-4a1f-84f7-a9c5da7ada1a]"
  type: "Bill Payment"
  sourceId: "2a522321-3d8a-43ed-9846-d77ea165b174"
  referenceNo: "1031"
  orderId: "77210944-3c13-496b-87cf-9a7f1edf3092"
  Liabilities:CurrentLiabilities:CurrentAccount:C-a-MilrichElectronicsHkCoLtd -338.00 HKD
  type: "Bill Payment"
  sourceId: "2a522321-3d8a-43ed-9846-d77ea165b174"
  referenceNo: "1031"
  orderId: "77210944-3c13-496b-87cf-9a7f1edf3092"
2024-07-01 * "880 806 () [53b8789a-4451-4a1f-84f7-a9c5da7ada1a]" "Bill Payment for Bill #1032 #95b353c8-0c9d-43b7-b562-39a5b6fad31f"
  Liabilities:CurrentLiabilities:AccountPayable 74.00 HKD
  contact: "880 806 () [53b8789a-4451-4a1f-84f7-a9c5da7ada1a]"
  type: "Bill Payment"
  sourceId: "95b353c8-0c9d-43b7-b562-39a5b6fad31f"
  referenceNo: "1032"
  orderId: "7dfe4034-d2c0-4d96-a5d2-0ff0c58b26b8"
  Liabilities:CurrentLiabilities:CurrentAccount:C-a-MilrichElectronicsHkCoLtd -74.00 HKD
  type: "Bill Payment"
  sourceId: "95b353c8-0c9d-43b7-b562-39a5b6fad31f"
  referenceNo: "1032"
  orderId: "7dfe4034-d2c0-4d96-a5d2-0ff0c58b26b8"
2024-07-01 * "880 806 () [53b8789a-4451-4a1f-84f7-a9c5da7ada1a]" "Bill Payment for Bill #1033 #40add70f-1379-42d1-8997-12bf983142da"
  Liabilities:CurrentLiabilities:AccountPayable 88.00 HKD
  contact: "880 806 () [53b8789a-4451-4a1f-84f7-a9c5da7ada1a]"
  type: "Bill Payment"
  sourceId: "40add70f-1379-42d1-8997-12bf983142da"
  referenceNo: "1033"
  orderId: "683f5a48-e46d-4089-bfc3-984d81f17ea7"
  Liabilities:CurrentLiabilities:CurrentAccount:C-a-MilrichElectronicsHkCoLtd -88.00 HKD
  type: "Bill Payment"
  sourceId: "40add70f-1379-42d1-8997-12bf983142da"
  referenceNo: "1033"
  orderId: "683f5a48-e46d-4089-bfc3-984d81f17ea7"
2024-07-02 * "Invoice #438 Stock CH2396 (gold) Tour "
  Income:Sales:SalesItem:SellGoldJewelry -1880.00 HKD
  category: "Gold Jewelry"
  sku: "DD2310200000000000000130"
  qty: 1
  referenceNo: "438"
  orderId: "79e4473c-7d8b-40d5-8fb2-8e4409d96f61"
  type: "Invoice Item"
  sourceId: "28bee9f2-a8d1-43ee-976d-42bfb0604e49"
  Assets:CurrentAssets:AccountReceivable
  referenceNo: "438"
  orderId: "79e4473c-7d8b-40d5-8fb2-8e4409d96f61"
  type: "Invoice"
  sourceId: "79e4473c-7d8b-40d5-8fb2-8e4409d96f61"
  contact: "880 802 (Walkin) [42348712-7daa-4c29-93b7-756b472429a4]"
2024-07-02 * "Bill #1245 淘寶營運費用"
  referenceNo: "1245"
  orderId: "20521c04-95e7-411e-8c66-7a4c637c7a15"
  type: "Bill"
  Expenses:GeneralExpense:TransportationAndCourier 16525.00 HKD
  qty: "1"
  description: "淘寶營運費用"
  referenceNo: "1245"
  orderId: "20521c04-95e7-411e-8c66-7a4c637c7a15"
  type: "Bill Item"
  sourceId: "8c9ee04d-fa29-4394-a090-2149f51d9d16"
  Liabilities:CurrentLiabilities:AccountPayable
  referenceNo: "1245"
  orderId: "20521c04-95e7-411e-8c66-7a4c637c7a15"
  type: "Bill"
  sourceId: "20521c04-95e7-411e-8c66-7a4c637c7a15"
  contact: "880 806 () [53b8789a-4451-4a1f-84f7-a9c5da7ada1a]"
2024-07-02 * "Assets:CurrentAssets:Bank:KpayBank" "Invoice Payment for Invoice #438 #ed707a2c-d75d-4f9b-b60c-153a2ba40c34"
  Assets:CurrentAssets:Bank:KpayBank 1880.00 HKD
  type: "Invoice Payment"
  sourceId: "ed707a2c-d75d-4f9b-b60c-153a2ba40c34"
  referenceNo: "438"
  orderId: "79e4473c-7d8b-40d5-8fb2-8e4409d96f61"
  Assets:CurrentAssets:AccountReceivable -1880.00 HKD
  type: "Invoice Payment"
  sourceId: "ed707a2c-d75d-4f9b-b60c-153a2ba40c34"
  referenceNo: "438"
  orderId: "79e4473c-7d8b-40d5-8fb2-8e4409d96f61"
  contact: "880 802 (Walkin) [42348712-7daa-4c29-93b7-756b472429a4]"
2024-07-02 * "Assets:CurrentAssets:Bank:BocSavingBank" "Invoice Payment for Invoice #433 #3c3ee041-585f-41b0-9288-9e3316b15e8c"
  Assets:CurrentAssets:Bank:BocSavingBank 23500.00 HKD
  type: "Invoice Payment"
  sourceId: "3c3ee041-585f-41b0-9288-9e3316b15e8c"
  referenceNo: "433"
  orderId: "65d0a4a1-dd87-4bfb-93f6-59212317d816"
  Assets:CurrentAssets:AccountReceivable -23500.00 HKD
  type: "Invoice Payment"
  sourceId: "3c3ee041-585f-41b0-9288-9e3316b15e8c"
  referenceNo: "433"
  orderId: "65d0a4a1-dd87-4bfb-93f6-59212317d816"
  contact: "852 52665426 (YUMMY) [22a2be29-f4b7-41b7-a0eb-af626862ec69]"
2024-07-02 * "Assets:CurrentAssets:Bank:BocSavingBank" "Invoice Payment for Invoice #647 #4b5b56e9-b02c-420b-9821-1ee94d02ea9a"
  Assets:CurrentAssets:Bank:BocSavingBank 3000.00 HKD
  type: "Invoice Payment"
  sourceId: "4b5b56e9-b02c-420b-9821-1ee94d02ea9a"
  referenceNo: "647"
  orderId: "36418507-f740-4e4c-b69d-06ea6223d58c"
  Assets:CurrentAssets:AccountReceivable -3000.00 HKD
  type: "Invoice Payment"
  sourceId: "4b5b56e9-b02c-420b-9821-1ee94d02ea9a"
  referenceNo: "647"
  orderId: "36418507-f740-4e4c-b69d-06ea6223d58c"
  contact: "852 91469808 (MsPaulineHo) [5777dd20-dcb6-45b1-be2e-1f069fec89f6]"
2024-07-02 * "880 806 () [53b8789a-4451-4a1f-84f7-a9c5da7ada1a]" "Bill Payment for Bill #1245 #d8dd2519-d04e-4bd4-ba77-d523ba73e6ce"
  Liabilities:CurrentLiabilities:AccountPayable 16525.00 HKD
  contact: "880 806 () [53b8789a-4451-4a1f-84f7-a9c5da7ada1a]"
  type: "Bill Payment"
  sourceId: "d8dd2519-d04e-4bd4-ba77-d523ba73e6ce"
  referenceNo: "1245"
  orderId: "20521c04-95e7-411e-8c66-7a4c637c7a15"
  Liabilities:CurrentLiabilities:CurrentAccount:C-a-MilrichElectronicsHkCoLtd -16525.00 HKD
  type: "Bill Payment"
  sourceId: "d8dd2519-d04e-4bd4-ba77-d523ba73e6ce"
  referenceNo: "1245"
  orderId: "20521c04-95e7-411e-8c66-7a4c637c7a15"
2024-07-02 * "Invoice #647 Stock R2122 #13"
  Income:Sales:SalesItem:Sell18kJewelry -3000.00 HKD
  category: "Jewelry"
  sku: "DDFFFFFF0500000000000064"
  qty: 1
  referenceNo: "647"
  orderId: "36418507-f740-4e4c-b69d-06ea6223d58c"
  type: "Invoice Item"
  sourceId: "61108a2c-e496-4908-9b52-5f02fcc07d29"
  Assets:CurrentAssets:AccountReceivable
  referenceNo: "647"
  orderId: "36418507-f740-4e4c-b69d-06ea6223d58c"
  type: "Invoice"
  sourceId: "36418507-f740-4e4c-b69d-06ea6223d58c"
  contact: "852 91469808 (MsPaulineHo) [5777dd20-dcb6-45b1-be2e-1f069fec89f6]"
2024-07-04 * "Bill #1075 外援 人工"
  referenceNo: "1075"
  orderId: "6edf8abc-b01b-41d4-9ccc-6f70c597d49e"
  type: "Bill"
  Expenses:GeneralExpense:WagesAndSalaries 1331.00 HKD
  qty: "1"
  description: "外援 人工"
  referenceNo: "1075"
  orderId: "6edf8abc-b01b-41d4-9ccc-6f70c597d49e"
  type: "Bill Item"
  sourceId: "1e41cb38-f7d1-4402-938a-760da9496c1c"
  Expenses:GeneralExpense:BankFeesExpense 5.00 HKD
  qty: "1"
  description: "BANK FEE"
  referenceNo: "1075"
  orderId: "6edf8abc-b01b-41d4-9ccc-6f70c597d49e"
  type: "Bill Item"
  sourceId: "e21838b9-29d7-465c-bdda-aa98c8d576ac"
  Liabilities:CurrentLiabilities:AccountPayable
  referenceNo: "1075"
  orderId: "6edf8abc-b01b-41d4-9ccc-6f70c597d49e"
  type: "Bill"
  sourceId: "6edf8abc-b01b-41d4-9ccc-6f70c597d49e"
  contact: "880 806 () [53b8789a-4451-4a1f-84f7-a9c5da7ada1a]"
2024-07-04 * "880 806 () [53b8789a-4451-4a1f-84f7-a9c5da7ada1a]" "Bill Payment for Bill #1075 #de7b8d1d-ebd3-4904-b93a-064abd3490b0"
  Liabilities:CurrentLiabilities:AccountPayable 1331.00 HKD
  contact: "880 806 () [53b8789a-4451-4a1f-84f7-a9c5da7ada1a]"
  type: "Bill Payment"
  sourceId: "de7b8d1d-ebd3-4904-b93a-064abd3490b0"
  referenceNo: "1075"
  orderId: "6edf8abc-b01b-41d4-9ccc-6f70c597d49e"
  Assets:CurrentAssets:Bank:BocSavingBank -1331.00 HKD
  type: "Bill Payment"
  sourceId: "de7b8d1d-ebd3-4904-b93a-064abd3490b0"
  referenceNo: "1075"
  orderId: "6edf8abc-b01b-41d4-9ccc-6f70c597d49e"
2024-07-04 * "880 806 () [53b8789a-4451-4a1f-84f7-a9c5da7ada1a]" "Bill Payment for Bill #1075 #21e86345-02c6-428a-8784-77620cf74e3b"
  Liabilities:CurrentLiabilities:AccountPayable 5.00 HKD
  contact: "880 806 () [53b8789a-4451-4a1f-84f7-a9c5da7ada1a]"
  type: "Bill Payment"
  sourceId: "21e86345-02c6-428a-8784-77620cf74e3b"
  referenceNo: "1075"
  orderId: "6edf8abc-b01b-41d4-9ccc-6f70c597d49e"
  Assets:CurrentAssets:Bank:BocSavingBank -5.00 HKD
  type: "Bill Payment"
  sourceId: "21e86345-02c6-428a-8784-77620cf74e3b"
  referenceNo: "1075"
  orderId: "6edf8abc-b01b-41d4-9ccc-6f70c597d49e"
2024-07-04 * "Invoice #437 Stock B23174 (gold) Tour 3.15*610 工費578.5"
  Income:Sales:SalesItem:SellGoldJewelry -2500.00 HKD
  category: "Gold Jewelry"
  sku: "DD2310200000000000000088"
  qty: 1
  referenceNo: "437"
  orderId: "12ca6332-4135-4f0b-b8c6-74f6d4048b85"
  type: "Invoice Item"
  sourceId: "3f9a7cb1-713c-4c90-9f84-062f775dee17"
  Assets:CurrentAssets:AccountReceivable
  referenceNo: "437"
  orderId: "12ca6332-4135-4f0b-b8c6-74f6d4048b85"
  type: "Invoice"
  sourceId: "12ca6332-4135-4f0b-b8c6-74f6d4048b85"
  contact: "880 802 (Walkin) [42348712-7daa-4c29-93b7-756b472429a4]"
2024-07-04 * "Assets:CurrentAssets:Bank:KpayBank" "Invoice Payment for Invoice #437 #cb09d99f-1564-4fab-9f1c-9341e26d0dd3"
  Assets:CurrentAssets:Bank:KpayBank 2500.00 HKD
  type: "Invoice Payment"
  sourceId: "cb09d99f-1564-4fab-9f1c-9341e26d0dd3"
  referenceNo: "437"
  orderId: "12ca6332-4135-4f0b-b8c6-74f6d4048b85"
  Assets:CurrentAssets:AccountReceivable -2500.00 HKD
  type: "Invoice Payment"
  sourceId: "cb09d99f-1564-4fab-9f1c-9341e26d0dd3"
  referenceNo: "437"
  orderId: "12ca6332-4135-4f0b-b8c6-74f6d4048b85"
  contact: "880 802 (Walkin) [42348712-7daa-4c29-93b7-756b472429a4]"
2024-07-06 * "Assets:CurrentAssets:Bank:BocSavingBank" "Invoice Payment for Invoice #439 #0727c34b-b063-450b-8476-3698452e014c"
  Assets:CurrentAssets:Bank:BocSavingBank 1250.00 HKD
  type: "Invoice Payment"
  sourceId: "0727c34b-b063-450b-8476-3698452e014c"
  referenceNo: "439"
  orderId: "3308add8-c8a5-4d21-9e6f-03bf039094ef"
  Assets:CurrentAssets:AccountReceivable -1250.00 HKD
  type: "Invoice Payment"
  sourceId: "0727c34b-b063-450b-8476-3698452e014c"
  referenceNo: "439"
  orderId: "3308add8-c8a5-4d21-9e6f-03bf039094ef"
  contact: "852 97120705 (MsLEUNG) [2819e454-91dd-4135-a1ef-1566128b3511]"
2024-07-06 * "Invoice #439 Order R24125 #10"
  Income:Sales:SalesItem:Sell18kJewelry -2500.00 HKD
  category: "Jewelry"
  sku: "DD2024071500000001"
  qty: 1
  referenceNo: "439"
  orderId: "3308add8-c8a5-4d21-9e6f-03bf039094ef"
  type: "Invoice Item"
  sourceId: "7fc080e2-fb19-47d1-a6c2-a025f6a913c7"
  Assets:CurrentAssets:AccountReceivable
  referenceNo: "439"
  orderId: "3308add8-c8a5-4d21-9e6f-03bf039094ef"
  type: "Invoice"
  sourceId: "3308add8-c8a5-4d21-9e6f-03bf039094ef"
  contact: "852 97120705 (MsLEUNG) [2819e454-91dd-4135-a1ef-1566128b3511]"
2024-07-06 * "Invoice #440 Stock B23135 (gold) Tour"
  Income:Sales:SalesItem:SellGoldJewelry -2890.00 HKD
  category: "Gold Jewelry"
  sku: "DDFF23051704000000000091"
  qty: 1
  referenceNo: "440"
  orderId: "fd032fd4-d289-42c5-b056-8250f803abdf"
  type: "Invoice Item"
  sourceId: "60a768d6-92ce-4fbb-8166-be29f7d94b04"
  Assets:CurrentAssets:AccountReceivable
  referenceNo: "440"
  orderId: "fd032fd4-d289-42c5-b056-8250f803abdf"
  type: "Invoice"
  sourceId: "fd032fd4-d289-42c5-b056-8250f803abdf"
  contact: "880 802 (Walkin) [42348712-7daa-4c29-93b7-756b472429a4]"
2024-07-06 * "Assets:CurrentAssets:Bank:KpayBank" "Invoice Payment for Invoice #440 #ac990fdf-43fe-4f60-93a7-96ad0978e7a6"
  Assets:CurrentAssets:Bank:KpayBank 2890.00 HKD
  type: "Invoice Payment"
  sourceId: "ac990fdf-43fe-4f60-93a7-96ad0978e7a6"
  referenceNo: "440"
  orderId: "fd032fd4-d289-42c5-b056-8250f803abdf"
  Assets:CurrentAssets:AccountReceivable -2890.00 HKD
  type: "Invoice Payment"
  sourceId: "ac990fdf-43fe-4f60-93a7-96ad0978e7a6"
  referenceNo: "440"
  orderId: "fd032fd4-d289-42c5-b056-8250f803abdf"
  contact: "880 802 (Walkin) [42348712-7daa-4c29-93b7-756b472429a4]"
2024-07-07 * "Invoice #441 Stock R2134"
  Income:Sales:SalesItem:Sell18kJewelry -1900.00 HKD
  category: "Jewelry"
  sku: "DDFFFFFF0500000000000025"
  qty: 1
  referenceNo: "441"
  orderId: "f8afe101-60fe-4130-b52e-ac8a29038fd0"
  type: "Invoice Item"
  sourceId: "e0bb8bcf-8148-4123-b88f-b7d9b54e4211"
  Assets:CurrentAssets:AccountReceivable
  referenceNo: "441"
  orderId: "f8afe101-60fe-4130-b52e-ac8a29038fd0"
  type: "Invoice"
  sourceId: "f8afe101-60fe-4130-b52e-ac8a29038fd0"
  contact: "852 67495439 (MsEmilyLeung) [7f2d49de-ae9e-44d0-b5de-11ca333dd890]"
2024-07-07 * "Assets:CurrentAssets:Bank:BocSavingBank" "Invoice Payment for Invoice #441 #09397725-e7ea-48d2-9648-c677957c1c29"
  Assets:CurrentAssets:Bank:BocSavingBank 1900.00 HKD
  type: "Invoice Payment"
  sourceId: "09397725-e7ea-48d2-9648-c677957c1c29"
  referenceNo: "441"
  orderId: "f8afe101-60fe-4130-b52e-ac8a29038fd0"
  Assets:CurrentAssets:AccountReceivable -1900.00 HKD
  type: "Invoice Payment"
  sourceId: "09397725-e7ea-48d2-9648-c677957c1c29"
  referenceNo: "441"
  orderId: "f8afe101-60fe-4130-b52e-ac8a29038fd0"
  contact: "852 67495439 (MsEmilyLeung) [7f2d49de-ae9e-44d0-b5de-11ca333dd890]"
2024-07-08 * "Bill #1076 6月律師僱問費"
  referenceNo: "1076"
  orderId: "38a2e553-dec3-4596-9037-9efae4c6da00"
  type: "Bill"
  Expenses:GeneralExpense:LegalAndProfessionalFee 1990.00 HKD
  qty: "1"
  description: "6月律師僱問費"
  referenceNo: "1076"
  orderId: "38a2e553-dec3-4596-9037-9efae4c6da00"
  type: "Bill Item"
  sourceId: "8eb9febc-bed9-4ca0-bed0-7055d151ce9d"
  Expenses:GeneralExpense:BankFeesExpense 5.00 HKD
  qty: "1"
  description: "BANK FEE"
  referenceNo: "1076"
  orderId: "38a2e553-dec3-4596-9037-9efae4c6da00"
  type: "Bill Item"
  sourceId: "a2d81b61-0958-41d6-a3e3-4eddf28ff833"
  Liabilities:CurrentLiabilities:AccountPayable
  referenceNo: "1076"
  orderId: "38a2e553-dec3-4596-9037-9efae4c6da00"
  type: "Bill"
  sourceId: "38a2e553-dec3-4596-9037-9efae4c6da00"
  contact: "880 806 () [53b8789a-4451-4a1f-84f7-a9c5da7ada1a]"
2024-07-08 * "Bill #1043 DKK 24年7-10月電話費 "
  referenceNo: "1043"
  orderId: "fe14c626-48c6-4fb7-9194-29cd6f4cd414"
  type: "Bill"
  Expenses:GeneralExpense:TelephoneAndInternetAndAlarm 329.00 HKD
  qty: "1"
  description: "DKK 24年7-10月電話費 "
  referenceNo: "1043"
  orderId: "fe14c626-48c6-4fb7-9194-29cd6f4cd414"
  type: "Bill Item"
  sourceId: "084c668d-8a57-4858-aa3c-fdd5fe716e95"
  Liabilities:CurrentLiabilities:AccountPayable
  referenceNo: "1043"
  orderId: "fe14c626-48c6-4fb7-9194-29cd6f4cd414"
  type: "Bill"
  sourceId: "fe14c626-48c6-4fb7-9194-29cd6f4cd414"
  contact: "880 806 () [53b8789a-4451-4a1f-84f7-a9c5da7ada1a]"
2024-07-08 * "Assets:CurrentAssets:Bank:BocSavingBank" "Invoice Payment for Invoice #443 #b8a38dfb-37f7-4f4d-a3c8-c61c37cedc84"
  Assets:CurrentAssets:Bank:BocSavingBank 2500.00 HKD
  type: "Invoice Payment"
  sourceId: "b8a38dfb-37f7-4f4d-a3c8-c61c37cedc84"
  referenceNo: "443"
  orderId: "40bcae70-4945-475e-aa5e-f2724baf1f85"
  Assets:CurrentAssets:AccountReceivable -2500.00 HKD
  type: "Invoice Payment"
  sourceId: "b8a38dfb-37f7-4f4d-a3c8-c61c37cedc84"
  referenceNo: "443"
  orderId: "40bcae70-4945-475e-aa5e-f2724baf1f85"
  contact: "852 63337378 (MsMargaretCheng) [0d070596-fbcd-4cc6-8010-93632133ac92]"
2024-07-08 * "880 806 () [53b8789a-4451-4a1f-84f7-a9c5da7ada1a]" "Bill Payment for Bill #1043 #f42626c2-058c-4cae-a84e-20aeae6231bb"
  Liabilities:CurrentLiabilities:AccountPayable 329.00 HKD
  contact: "880 806 () [53b8789a-4451-4a1f-84f7-a9c5da7ada1a]"
  type: "Bill Payment"
  sourceId: "f42626c2-058c-4cae-a84e-20aeae6231bb"
  referenceNo: "1043"
  orderId: "fe14c626-48c6-4fb7-9194-29cd6f4cd414"
  Liabilities:CurrentLiabilities:CurrentAccount:C-a-MilrichElectronicsHkCoLtd -329.00 HKD
  type: "Bill Payment"
  sourceId: "f42626c2-058c-4cae-a84e-20aeae6231bb"
  referenceNo: "1043"
  orderId: "fe14c626-48c6-4fb7-9194-29cd6f4cd414"
2024-07-08 * "880 806 () [53b8789a-4451-4a1f-84f7-a9c5da7ada1a]" "Bill Payment for Bill #1076 #8d3c713e-9013-476b-b98e-1e86a8444c34"
  Liabilities:CurrentLiabilities:AccountPayable 1990.00 HKD
  contact: "880 806 () [53b8789a-4451-4a1f-84f7-a9c5da7ada1a]"
  type: "Bill Payment"
  sourceId: "8d3c713e-9013-476b-b98e-1e86a8444c34"
  referenceNo: "1076"
  orderId: "38a2e553-dec3-4596-9037-9efae4c6da00"
  Assets:CurrentAssets:Bank:BocSavingBank -1990.00 HKD
  type: "Bill Payment"
  sourceId: "8d3c713e-9013-476b-b98e-1e86a8444c34"
  referenceNo: "1076"
  orderId: "38a2e553-dec3-4596-9037-9efae4c6da00"
2024-07-08 * "880 806 () [53b8789a-4451-4a1f-84f7-a9c5da7ada1a]" "Bill Payment for Bill #1076 #d555874c-8fdf-4c89-9b20-a8fbaf1a5967"
  Liabilities:CurrentLiabilities:AccountPayable 5.00 HKD
  contact: "880 806 () [53b8789a-4451-4a1f-84f7-a9c5da7ada1a]"
  type: "Bill Payment"
  sourceId: "d555874c-8fdf-4c89-9b20-a8fbaf1a5967"
  referenceNo: "1076"
  orderId: "38a2e553-dec3-4596-9037-9efae4c6da00"
  Assets:CurrentAssets:Bank:BocSavingBank -5.00 HKD
  type: "Bill Payment"
  sourceId: "d555874c-8fdf-4c89-9b20-a8fbaf1a5967"
  referenceNo: "1076"
  orderId: "38a2e553-dec3-4596-9037-9efae4c6da00"
2024-07-08 * "Invoice #442 Ref invoice#640"
  Income:Sales:SalesItem:SellBespokeorotherFee -250.00 HKD
  description: "Ref  invoice #640(sapphire ring)"
  qty: 1
  referenceNo: "442"
  orderId: "29ae633b-51ee-482d-99bd-6050498a6244"
  type: "Invoice Item"
  sourceId: "a3572650-05d9-4862-b837-9e90319e5da7"
  Assets:CurrentAssets:AccountReceivable
  referenceNo: "442"
  orderId: "29ae633b-51ee-482d-99bd-6050498a6244"
  type: "Invoice"
  sourceId: "29ae633b-51ee-482d-99bd-6050498a6244"
  contact: "852 96221974 (強哥首飾加工師傅) [cef6a8eb-0892-4a7c-bfdc-328752af4fd5]"
2024-07-08 * "Assets:CurrentAssets:Cash:CashInHand" "Invoice Payment for Invoice #442 #4b16689a-3968-4573-8e5a-8c1ea0705add"
  Assets:CurrentAssets:Cash:CashInHand 250.00 HKD
  type: "Invoice Payment"
  sourceId: "4b16689a-3968-4573-8e5a-8c1ea0705add"
  referenceNo: "442"
  orderId: "29ae633b-51ee-482d-99bd-6050498a6244"
  Assets:CurrentAssets:AccountReceivable -250.00 HKD
  type: "Invoice Payment"
  sourceId: "4b16689a-3968-4573-8e5a-8c1ea0705add"
  referenceNo: "442"
  orderId: "29ae633b-51ee-482d-99bd-6050498a6244"
  contact: "852 96221974 (強哥首飾加工師傅) [cef6a8eb-0892-4a7c-bfdc-328752af4fd5]"
2024-07-08 * "Invoice #443 R24125 #14"
  Income:Sales:SalesItem:Sell18kJewelry -2500.00 HKD
  category: "Jewelry"
  sku: "DD2024072400000002"
  qty: 1
  referenceNo: "443"
  orderId: "40bcae70-4945-475e-aa5e-f2724baf1f85"
  type: "Invoice Item"
  sourceId: "4aefa84b-84e8-4144-a021-ff38abafef3e"
  Assets:CurrentAssets:AccountReceivable
  referenceNo: "443"
  orderId: "40bcae70-4945-475e-aa5e-f2724baf1f85"
  type: "Invoice"
  sourceId: "40bcae70-4945-475e-aa5e-f2724baf1f85"
  contact: "852 63337378 (MsMargaretCheng) [0d070596-fbcd-4cc6-8010-93632133ac92]"
2024-07-08 * "Invoice #444 Stock R2110/R2114 #10"
  Income:Sales:SalesItem:Sell18kJewelry -3500.00 HKD
  category: "Jewelry"
  sku: "DDFFFFFF0500000000000007"
  qty: 1
  referenceNo: "444"
  orderId: "c97ad2f5-e169-4346-b045-5401a03fb5df"
  type: "Invoice Item"
  sourceId: "591f963a-805b-4e85-82d0-b86a7dd0d2de"
  Income:Sales:SalesItem:Sell18kJewelry -3400.00 HKD
  category: "Jewelry"
  sku: "DDFFFFFF0500000000000008"
  qty: 1
  referenceNo: "444"
  orderId: "c97ad2f5-e169-4346-b045-5401a03fb5df"
  type: "Invoice Item"
  sourceId: "54c44882-aee0-4d03-bcef-c0dbb6ffde85"
  Assets:CurrentAssets:AccountReceivable
  referenceNo: "444"
  orderId: "c97ad2f5-e169-4346-b045-5401a03fb5df"
  type: "Invoice"
  sourceId: "c97ad2f5-e169-4346-b045-5401a03fb5df"
  contact: "852 67495439 (MsEmilyLeung) [7f2d49de-ae9e-44d0-b5de-11ca333dd890]"
2024-07-08 * "Assets:CurrentAssets:Bank:KpayBank" "Invoice Payment for Invoice #444 #6e791664-b935-48e1-9e90-0463ec1f4825"
  Assets:CurrentAssets:Bank:KpayBank 6900.00 HKD
  type: "Invoice Payment"
  sourceId: "6e791664-b935-48e1-9e90-0463ec1f4825"
  referenceNo: "444"
  orderId: "c97ad2f5-e169-4346-b045-5401a03fb5df"
  Assets:CurrentAssets:AccountReceivable -6900.00 HKD
  type: "Invoice Payment"
  sourceId: "6e791664-b935-48e1-9e90-0463ec1f4825"
  referenceNo: "444"
  orderId: "c97ad2f5-e169-4346-b045-5401a03fb5df"
  contact: "852 67495439 (MsEmilyLeung) [7f2d49de-ae9e-44d0-b5de-11ca333dd890]"
2024-07-09 * "Bill #1237 DAYTECH - SYSTEM DEV"
  referenceNo: "1237"
  orderId: "5f0b9748-1cf1-4528-857f-6ba1854d1657"
  type: "Bill"
  Expenses:GeneralExpense:WebErpDev 423000.00 HKD
  qty: "1"
  description: "DAYTECH - SYSTEM DEVELOPMENT FEE"
  referenceNo: "1237"
  orderId: "5f0b9748-1cf1-4528-857f-6ba1854d1657"
  type: "Bill Item"
  sourceId: "60982a68-b457-4d87-9c3d-aab9c2f6b9e3"
  Liabilities:CurrentLiabilities:AccountPayable
  referenceNo: "1237"
  orderId: "5f0b9748-1cf1-4528-857f-6ba1854d1657"
  type: "Bill"
  sourceId: "5f0b9748-1cf1-4528-857f-6ba1854d1657"
  contact: "880 806 () [53b8789a-4451-4a1f-84f7-a9c5da7ada1a]"
2024-07-09 * "880 806 () [53b8789a-4451-4a1f-84f7-a9c5da7ada1a]" "Bill Payment for Bill #1237 #d8c3d78c-6647-4303-9b52-9f4b719a83c8"
  Liabilities:CurrentLiabilities:AccountPayable 423000.00 HKD
  contact: "880 806 () [53b8789a-4451-4a1f-84f7-a9c5da7ada1a]"
  type: "Bill Payment"
  sourceId: "d8c3d78c-6647-4303-9b52-9f4b719a83c8"
  referenceNo: "1237"
  orderId: "5f0b9748-1cf1-4528-857f-6ba1854d1657"
  Assets:CurrentAssets:Bank:BocSavingBank -423000.00 HKD
  type: "Bill Payment"
  sourceId: "d8c3d78c-6647-4303-9b52-9f4b719a83c8"
  referenceNo: "1237"
  orderId: "5f0b9748-1cf1-4528-857f-6ba1854d1657"
2024-07-10 * "Invoice #832 Ref bill#1088 inv#441 change ring size#9.5"
  Income:Sales:SalesItem:Sell-ForProcess交外廠加工 -0.00 HKD
  category: "Other"
  sku: "Processing 060"
  qty: 1
  referenceNo: "832"
  orderId: "821da472-8cd0-44e3-adb1-22d934e03e01"
  type: "Invoice Item"
  sourceId: "5d5c26d7-4960-4934-9dad-31ef4126e505"
  Assets:CurrentAssets:AccountReceivable
  referenceNo: "832"
  orderId: "821da472-8cd0-44e3-adb1-22d934e03e01"
  type: "Invoice"
  sourceId: "821da472-8cd0-44e3-adb1-22d934e03e01"
  contact: "852 67495439 (MsEmilyLeung) [7f2d49de-ae9e-44d0-b5de-11ca333dd890]"
2024-07-10 * "Bill #1077 NOVA 417 office insurance 1 yr "
  referenceNo: "1077"
  orderId: "8072506a-fb43-4e3f-bd00-18cfe989524b"
  type: "Bill"
  Expenses:GeneralExpense:BankFeesExpense 5.00 HKD
  qty: "1"
  description: "BANK FEE"
  referenceNo: "1077"
  orderId: "8072506a-fb43-4e3f-bd00-18cfe989524b"
  type: "Bill Item"
  sourceId: "32c1f4ea-2bbb-49cd-bcae-2aac01fdf9a0"
  Expenses:GeneralExpense:Insurance 1814.14 HKD
  qty: "1"
  description: "NOVA 417 office insurance 1 yr "
  referenceNo: "1077"
  orderId: "8072506a-fb43-4e3f-bd00-18cfe989524b"
  type: "Bill Item"
  sourceId: "79df7ca3-de43-4480-9959-6c0a1620ce4c"
  Liabilities:CurrentLiabilities:AccountPayable
  referenceNo: "1077"
  orderId: "8072506a-fb43-4e3f-bd00-18cfe989524b"
  type: "Bill"
  sourceId: "8072506a-fb43-4e3f-bd00-18cfe989524b"
  contact: "880 806 () [53b8789a-4451-4a1f-84f7-a9c5da7ada1a]"
2024-07-10 * "Bill #1088 CHANGE RING SIZE #9.5 REF INVOICE 646"
  referenceNo: "1088"
  orderId: "c8e99ceb-b253-40e9-b85e-1a722ec7a55e"
  type: "Bill"
  Expenses:CostOfSales:Purchase:PurchaseItem:BuyCost-ProcessingFee 250.00 HKD
  category: "Other"
  sku: "Processing 060"
  qty: 1
  referenceNo: "1088"
  orderId: "c8e99ceb-b253-40e9-b85e-1a722ec7a55e"
  type: "Bill Item"
  sourceId: "50f32819-0e95-4445-8998-5017e5a8b6a3"
  Liabilities:CurrentLiabilities:AccountPayable
  referenceNo: "1088"
  orderId: "c8e99ceb-b253-40e9-b85e-1a722ec7a55e"
  type: "Bill"
  sourceId: "c8e99ceb-b253-40e9-b85e-1a722ec7a55e"
  contact: "852 96221974 (強哥首飾加工師傅) [cef6a8eb-0892-4a7c-bfdc-328752af4fd5]"
2024-07-10 * "880 806 () [53b8789a-4451-4a1f-84f7-a9c5da7ada1a]" "Bill Payment for Bill #1077 #4ca31ed2-ee28-45ef-9d85-410acb84ba1f"
  Liabilities:CurrentLiabilities:AccountPayable 1814.14 HKD
  contact: "880 806 () [53b8789a-4451-4a1f-84f7-a9c5da7ada1a]"
  type: "Bill Payment"
  sourceId: "4ca31ed2-ee28-45ef-9d85-410acb84ba1f"
  referenceNo: "1077"
  orderId: "8072506a-fb43-4e3f-bd00-18cfe989524b"
  Assets:CurrentAssets:Bank:BocSavingBank -1814.14 HKD
  type: "Bill Payment"
  sourceId: "4ca31ed2-ee28-45ef-9d85-410acb84ba1f"
  referenceNo: "1077"
  orderId: "8072506a-fb43-4e3f-bd00-18cfe989524b"
2024-07-10 * "880 806 () [53b8789a-4451-4a1f-84f7-a9c5da7ada1a]" "Bill Payment for Bill #1077 #fca66201-afa8-4ce4-acc7-3153645e1322"
  Liabilities:CurrentLiabilities:AccountPayable 5.00 HKD
  contact: "880 806 () [53b8789a-4451-4a1f-84f7-a9c5da7ada1a]"
  type: "Bill Payment"
  sourceId: "fca66201-afa8-4ce4-acc7-3153645e1322"
  referenceNo: "1077"
  orderId: "8072506a-fb43-4e3f-bd00-18cfe989524b"
  Assets:CurrentAssets:Bank:BocSavingBank -5.00 HKD
  type: "Bill Payment"
  sourceId: "fca66201-afa8-4ce4-acc7-3153645e1322"
  referenceNo: "1077"
  orderId: "8072506a-fb43-4e3f-bd00-18cfe989524b"
2024-07-10 * "852 96221974 (強哥首飾加工師傅) [cef6a8eb-0892-4a7c-bfdc-328752af4fd5]" "Bill Payment for Bill #1088 #fb518205-de27-4214-b499-6f103c829bd0"
  Liabilities:CurrentLiabilities:AccountPayable 250.00 HKD
  contact: "852 96221974 (強哥首飾加工師傅) [cef6a8eb-0892-4a7c-bfdc-328752af4fd5]"
  type: "Bill Payment"
  sourceId: "fb518205-de27-4214-b499-6f103c829bd0"
  referenceNo: "1088"
  orderId: "c8e99ceb-b253-40e9-b85e-1a722ec7a55e"
  Assets:CurrentAssets:Cash:CashInHand -250.00 HKD
  type: "Bill Payment"
  sourceId: "fb518205-de27-4214-b499-6f103c829bd0"
  referenceNo: "1088"
  orderId: "c8e99ceb-b253-40e9-b85e-1a722ec7a55e"
2024-07-11 * "Invoice #446 Stock E2344 (gold)"
  Income:Sales:SalesItem:SellGoldJewelry -2090.00 HKD
  category: "Gold Jewelry"
  sku: "DD2310200000000000000179"
  qty: 1
  referenceNo: "446"
  orderId: "28e4ea01-92bf-48cc-bd8c-e4ccfea6f217"
  type: "Invoice Item"
  sourceId: "57440c34-2662-4191-8861-152aa7c2409b"
  Assets:CurrentAssets:AccountReceivable
  referenceNo: "446"
  orderId: "28e4ea01-92bf-48cc-bd8c-e4ccfea6f217"
  type: "Invoice"
  sourceId: "28e4ea01-92bf-48cc-bd8c-e4ccfea6f217"
  contact: "880 802 (Walkin) [42348712-7daa-4c29-93b7-756b472429a4]"
2024-07-11 * "Assets:CurrentAssets:Bank:KpayBank" "Invoice Payment for Invoice #446 #70fcaf1c-6e60-4dde-964c-5e99f8f391b9"
  Assets:CurrentAssets:Bank:KpayBank 2090.00 HKD
  type: "Invoice Payment"
  sourceId: "70fcaf1c-6e60-4dde-964c-5e99f8f391b9"
  referenceNo: "446"
  orderId: "28e4ea01-92bf-48cc-bd8c-e4ccfea6f217"
  Assets:CurrentAssets:AccountReceivable -2090.00 HKD
  type: "Invoice Payment"
  sourceId: "70fcaf1c-6e60-4dde-964c-5e99f8f391b9"
  referenceNo: "446"
  orderId: "28e4ea01-92bf-48cc-bd8c-e4ccfea6f217"
  contact: "880 802 (Walkin) [42348712-7daa-4c29-93b7-756b472429a4]"
2024-07-13 * "Invoice #669 R24125 #11 R24126 #12"
  Income:Sales:SalesItem:Sell18kJewelry -2500.00 HKD
  category: "Jewelry"
  sku: "DD2024071500000005"
  qty: 1
  referenceNo: "669"
  orderId: "a53c3b9f-0aac-4f69-8e8f-cabae4f05dc9"
  type: "Invoice Item"
  sourceId: "6646906d-0680-493a-8483-fcbfda9edeed"
  Income:Sales:SalesItem:Sell18kJewelry -2500.00 HKD
  category: "Jewelry"
  sku: "DD2024071500000003"
  qty: 1
  referenceNo: "669"
  orderId: "a53c3b9f-0aac-4f69-8e8f-cabae4f05dc9"
  type: "Invoice Item"
  sourceId: "3c3decbb-ff62-4474-a995-1fcaf324621b"
  Assets:CurrentAssets:AccountReceivable
  referenceNo: "669"
  orderId: "a53c3b9f-0aac-4f69-8e8f-cabae4f05dc9"
  type: "Invoice"
  sourceId: "a53c3b9f-0aac-4f69-8e8f-cabae4f05dc9"
  contact: "852 64847935 (MsMak) [c602ea90-7e4b-4312-a8e7-3fa777048c35]"
2024-07-13 * "Invoice #665 Staff~ Cherry"
  Income:Sales:SalesItem:Sell18kJewelry -21000.00 HKD
  category: "Jewelry"
  sku: "DD2404100000000000000008"
  qty: 1
  referenceNo: "665"
  orderId: "268a97c9-4667-473b-8509-e8dbb1b10130"
  type: "Invoice Item"
  sourceId: "e3e10de3-a446-407a-bbd4-088efd441060"
  Income:Sales:SalesItem:SellGoldJewelry -3900.00 HKD
  category: "Gold Jewelry"
  sku: "DD2310200000000000000081"
  qty: 1
  referenceNo: "665"
  orderId: "268a97c9-4667-473b-8509-e8dbb1b10130"
  type: "Invoice Item"
  sourceId: "99af21f3-bd60-478b-b913-96e8b579af58"
  Income:Sales:SalesItem:SellGoldJewelry -9400.00 HKD
  category: "Gold Jewelry"
  sku: "DDFF23051204000000000002"
  qty: 1
  referenceNo: "665"
  orderId: "268a97c9-4667-473b-8509-e8dbb1b10130"
  type: "Invoice Item"
  sourceId: "db049301-cc51-4c93-ba22-10d4f444c5c8"
  Income:Sales:SalesItem:SellGoldJewelry -9400.00 HKD
  category: "Gold Jewelry"
  sku: "DDFF23051204000000000003"
  qty: 1
  referenceNo: "665"
  orderId: "268a97c9-4667-473b-8509-e8dbb1b10130"
  type: "Invoice Item"
  sourceId: "f0fd2e61-b9e5-4114-ace4-d240efd5baee"
  Income:Sales:SalesItem:SellGoldJewelry -450.00 HKD
  category: "Gold Jewelry"
  sku: "DD2310200000000000000103"
  qty: 1
  referenceNo: "665"
  orderId: "268a97c9-4667-473b-8509-e8dbb1b10130"
  type: "Invoice Item"
  sourceId: "d21ea9f0-af58-4196-ae07-747f72fbcc41"
  Income:Sales:SalesItem:SellGoldJewelry -3900.00 HKD
  category: "Gold Jewelry"
  sku: "DD2310200000000000000080"
  qty: 1
  referenceNo: "665"
  orderId: "268a97c9-4667-473b-8509-e8dbb1b10130"
  type: "Invoice Item"
  sourceId: "606eedfb-7b4a-4754-a10b-c7df67193bf2"
  Income:OtherIncome:HandlingFee -720.00 HKD
  referenceNo: "665"
  orderId: "268a97c9-4667-473b-8509-e8dbb1b10130"
  type: "Invoice Adjustment"
  sourceId: "416d345c-8e4e-4665-b7c6-56f58cc2a45e"
  Assets:CurrentAssets:AccountReceivable
  referenceNo: "665"
  orderId: "268a97c9-4667-473b-8509-e8dbb1b10130"
  type: "Invoice"
  sourceId: "268a97c9-4667-473b-8509-e8dbb1b10130"
  contact: "852 60778313 (MsCherry) [fbdae0a3-ab5e-4744-8c3f-c879d994c990]"
2024-07-13 * "Assets:CurrentAssets:Bank:KpayBank" "Invoice Payment for Invoice #669 #960fe0bf-9fbb-4300-93d3-0be97bf9bf8b"
  Assets:CurrentAssets:Bank:KpayBank 5000.00 HKD
  type: "Invoice Payment"
  sourceId: "960fe0bf-9fbb-4300-93d3-0be97bf9bf8b"
  referenceNo: "669"
  orderId: "a53c3b9f-0aac-4f69-8e8f-cabae4f05dc9"
  Assets:CurrentAssets:AccountReceivable -5000.00 HKD
  type: "Invoice Payment"
  sourceId: "960fe0bf-9fbb-4300-93d3-0be97bf9bf8b"
  referenceNo: "669"
  orderId: "a53c3b9f-0aac-4f69-8e8f-cabae4f05dc9"
  contact: "852 64847935 (MsMak) [c602ea90-7e4b-4312-a8e7-3fa777048c35]"
2024-07-13 * "Assets:CurrentAssets:Bank:KpayBank" "Invoice Payment for Invoice #665 #88f4b9e9-a195-49b1-8439-12d2d0517de7"
  Assets:CurrentAssets:Bank:KpayBank 48770.00 HKD
  type: "Invoice Payment"
  sourceId: "88f4b9e9-a195-49b1-8439-12d2d0517de7"
  referenceNo: "665"
  orderId: "268a97c9-4667-473b-8509-e8dbb1b10130"
  Assets:CurrentAssets:AccountReceivable -48770.00 HKD
  type: "Invoice Payment"
  sourceId: "88f4b9e9-a195-49b1-8439-12d2d0517de7"
  referenceNo: "665"
  orderId: "268a97c9-4667-473b-8509-e8dbb1b10130"
  contact: "852 60778313 (MsCherry) [fbdae0a3-ab5e-4744-8c3f-c879d994c990]"
2024-07-13 * "Invoice #653 Staff~ Vida Stock gold jewellery 122.63g"
  Income:Sales:SalesItem:SellGoldJewelry -10200.00 HKD
  category: "Gold Jewelry"
  sku: "DD2310200000000000000218"
  qty: 1
  referenceNo: "653"
  orderId: "78f7e9eb-1b08-469c-84b1-16cc95cc25db"
  type: "Invoice Item"
  sourceId: "d5c2a69a-513b-4757-8183-52b64f7519ac"
  Income:Sales:SalesItem:SellGoldJewelry -19000.00 HKD
  category: "Gold Jewelry"
  sku: "DD2310200000000000000007"
  qty: 1
  referenceNo: "653"
  orderId: "78f7e9eb-1b08-469c-84b1-16cc95cc25db"
  type: "Invoice Item"
  sourceId: "3559eba2-911b-4e38-af78-9b6a3258e2b5"
  Income:Sales:SalesItem:SellGoldJewelry -33300.00 HKD
  category: "Gold Jewelry"
  sku: "DDFF23051203000000000011"
  qty: 1
  referenceNo: "653"
  orderId: "78f7e9eb-1b08-469c-84b1-16cc95cc25db"
  type: "Invoice Item"
  sourceId: "e7c7ed16-5e18-40e0-ab40-1f7dd74d04df"
  Assets:CurrentAssets:AccountReceivable
  referenceNo: "653"
  orderId: "78f7e9eb-1b08-469c-84b1-16cc95cc25db"
  type: "Invoice"
  sourceId: "78f7e9eb-1b08-469c-84b1-16cc95cc25db"
  contact: "852 90551171 (VIDA) [e6849602-7837-4c55-9238-f7eacce03b4f]"
2024-07-13 * "Invoice #447 Staff~ Vida"
  Income:Sales:SalesItem:SellGoldJewelry -2800.00 HKD
  category: "Gold Jewelry"
  sku: "DDFF23051703000000000012"
  qty: 1
  referenceNo: "447"
  orderId: "54b43593-1847-46ce-9cbb-ab01d20bedc8"
  type: "Invoice Item"
  sourceId: "589361fd-5dce-4864-9871-ad6d02db67a6"
  Income:Sales:SalesItem:SellGoldJewelry -2300.00 HKD
  category: "Gold Jewelry"
  sku: "DD2310200000000000000222"
  qty: 1
  referenceNo: "447"
  orderId: "54b43593-1847-46ce-9cbb-ab01d20bedc8"
  type: "Invoice Item"
  sourceId: "fa311b23-69f6-4da5-b29e-8d383cabf0b9"
  Assets:CurrentAssets:AccountReceivable
  referenceNo: "447"
  orderId: "54b43593-1847-46ce-9cbb-ab01d20bedc8"
  type: "Invoice"
  sourceId: "54b43593-1847-46ce-9cbb-ab01d20bedc8"
  contact: "852 90551171 (VIDA) [e6849602-7837-4c55-9238-f7eacce03b4f]"
2024-07-13 * "Assets:CurrentAssets:Cash:CashInHand" "Invoice Payment for Invoice #447 #515e39a4-06e7-41ff-9550-96f5e6c1391b"
  Assets:CurrentAssets:Cash:CashInHand 5100.00 HKD
  type: "Invoice Payment"
  sourceId: "515e39a4-06e7-41ff-9550-96f5e6c1391b"
  referenceNo: "447"
  orderId: "54b43593-1847-46ce-9cbb-ab01d20bedc8"
  Assets:CurrentAssets:AccountReceivable -5100.00 HKD
  type: "Invoice Payment"
  sourceId: "515e39a4-06e7-41ff-9550-96f5e6c1391b"
  referenceNo: "447"
  orderId: "54b43593-1847-46ce-9cbb-ab01d20bedc8"
  contact: "852 90551171 (VIDA) [e6849602-7837-4c55-9238-f7eacce03b4f]"
2024-07-14 * "Assets:CurrentAssets:Bank:BocSavingBank" "Invoice Payment for Invoice #657 #931451bc-4659-4776-b3ba-c08a7951d1c6"
  Assets:CurrentAssets:Bank:BocSavingBank 2500.00 HKD
  type: "Invoice Payment"
  sourceId: "931451bc-4659-4776-b3ba-c08a7951d1c6"
  referenceNo: "657"
  orderId: "98ac9fa2-e9d8-44c6-887c-a5690f333710"
  Assets:CurrentAssets:AccountReceivable -2500.00 HKD
  type: "Invoice Payment"
  sourceId: "931451bc-4659-4776-b3ba-c08a7951d1c6"
  referenceNo: "657"
  orderId: "98ac9fa2-e9d8-44c6-887c-a5690f333710"
  contact: "852 66477766 (MissTai) [340e13b3-fe9d-4679-a6ed-3b2f5d7c17bc]"
2024-07-14 * "Assets:CurrentAssets:Bank:BocSavingBank" "Invoice Payment for Invoice #439 #6c4a0ff2-d080-44ce-babc-871054e2f527"
  Assets:CurrentAssets:Bank:BocSavingBank 1250.00 HKD
  type: "Invoice Payment"
  sourceId: "6c4a0ff2-d080-44ce-babc-871054e2f527"
  referenceNo: "439"
  orderId: "3308add8-c8a5-4d21-9e6f-03bf039094ef"
  Assets:CurrentAssets:AccountReceivable -1250.00 HKD
  type: "Invoice Payment"
  sourceId: "6c4a0ff2-d080-44ce-babc-871054e2f527"
  referenceNo: "439"
  orderId: "3308add8-c8a5-4d21-9e6f-03bf039094ef"
  contact: "852 97120705 (MsLEUNG) [2819e454-91dd-4135-a1ef-1566128b3511]"
2024-07-15 * "Bill #1047 G17電費(2024-6月)"
  referenceNo: "1047"
  orderId: "35ccc2bd-63e0-4246-beec-770725cbba1f"
  type: "Bill"
  Expenses:GeneralExpense:ElectricityLightHeating 1916.00 HKD
  qty: "1"
  description: "G17電費(2024-6月)"
  referenceNo: "1047"
  orderId: "35ccc2bd-63e0-4246-beec-770725cbba1f"
  type: "Bill Item"
  sourceId: "b68aa577-9fa5-4add-9667-9cee9db46ed4"
  Liabilities:CurrentLiabilities:AccountPayable
  referenceNo: "1047"
  orderId: "35ccc2bd-63e0-4246-beec-770725cbba1f"
  type: "Bill"
  sourceId: "35ccc2bd-63e0-4246-beec-770725cbba1f"
  contact: "880 806 () [53b8789a-4451-4a1f-84f7-a9c5da7ada1a]"
2024-07-15 * "Assets:CurrentAssets:Bank:BocSavingBank" "Invoice Payment for Invoice #649 #6ab96abb-011d-4eba-907b-4eeeae2a0302"
  Assets:CurrentAssets:Bank:BocSavingBank 4800.00 HKD
  type: "Invoice Payment"
  sourceId: "6ab96abb-011d-4eba-907b-4eeeae2a0302"
  referenceNo: "649"
  orderId: "38e8b53e-c9fb-4ea5-8ba0-9bbd05454552"
  Assets:CurrentAssets:AccountReceivable -4800.00 HKD
  type: "Invoice Payment"
  sourceId: "6ab96abb-011d-4eba-907b-4eeeae2a0302"
  referenceNo: "649"
  orderId: "38e8b53e-c9fb-4ea5-8ba0-9bbd05454552"
  contact: "852 91497288 (MR.CHOSTEPHEN) [3a1d130e-2c48-4a04-8926-6974b094da58]"
2024-07-15 * "998 12345708 (DavidKwan(Director)) [02ab8da0-959b-440e-9733-c02eab1b0288]" "Bill Payment for Bill #1045 #b2cf3460-c677-440c-9a61-d8f70541ded7"
  Liabilities:CurrentLiabilities:AccountPayable 1728.00 HKD
  contact: "998 12345708 (DavidKwan(Director)) [02ab8da0-959b-440e-9733-c02eab1b0288]"
  type: "Bill Payment"
  sourceId: "b2cf3460-c677-440c-9a61-d8f70541ded7"
  referenceNo: "1045"
  orderId: "edfc9303-63a5-46db-b652-c411fe3be46d"
  Liabilities:CurrentLiabilities:CurrentAccount:C-a-DirectorDavidKwan -1728.00 HKD
  type: "Bill Payment"
  sourceId: "b2cf3460-c677-440c-9a61-d8f70541ded7"
  referenceNo: "1045"
  orderId: "edfc9303-63a5-46db-b652-c411fe3be46d"
2024-07-15 * "880 806 () [53b8789a-4451-4a1f-84f7-a9c5da7ada1a]" "Bill Payment for Bill #1047 #16c0999c-dea5-49ed-b4db-17694be1b48f"
  Liabilities:CurrentLiabilities:AccountPayable 1916.00 HKD
  contact: "880 806 () [53b8789a-4451-4a1f-84f7-a9c5da7ada1a]"
  type: "Bill Payment"
  sourceId: "16c0999c-dea5-49ed-b4db-17694be1b48f"
  referenceNo: "1047"
  orderId: "35ccc2bd-63e0-4246-beec-770725cbba1f"
  Liabilities:CurrentLiabilities:CurrentAccount:C-a-MilrichElectronicsHkCoLtd -1916.00 HKD
  type: "Bill Payment"
  sourceId: "16c0999c-dea5-49ed-b4db-17694be1b48f"
  referenceNo: "1047"
  orderId: "35ccc2bd-63e0-4246-beec-770725cbba1f"
2024-07-15 * "Bill #1045 RUBY From Thailand (INV 694 強哥鑲石) "
  referenceNo: "1045"
  orderId: "edfc9303-63a5-46db-b652-c411fe3be46d"
  type: "Bill"
  Expenses:CostOfSales:Purchase:PurchaseItem:BuyBespoke 0.00 HKD
  qty: "0"
  description: "Ruby 1.80ct hk$1728(4.64)"
  referenceNo: "1045"
  orderId: "edfc9303-63a5-46db-b652-c411fe3be46d"
  type: "Bill Item"
  sourceId: "78e428ff-5b49-46c2-9071-3ca6ad2d7518"
  Expenses:CostOfSales:Purchase:PurchaseItem:Buy18kJewelry 4293.00 HKD
  category: "Jewelry"
  sku: "DD2024072200000001"
  qty: 1
  referenceNo: "1045"
  orderId: "edfc9303-63a5-46db-b652-c411fe3be46d"
  type: "Bill Item"
  sourceId: "8bb4abd0-0cfc-4512-a3fd-11dd7e7de535"
  Assets:CurrentAssets:ShopInventory:Jewelry -400.00 HKD
  category: "Other"
  sku: "Processing 048"
  qty: -1
  referenceNo: "1045"
  orderId: "edfc9303-63a5-46db-b652-c411fe3be46d"
  type: "Bill Item"
  sourceId: "dac16d71-f880-41a6-98aa-2499e756cbeb"
  Assets:CurrentAssets:ShopInventory:Jewelry -2165.00 HKD
  category: "Ring Setting"
  sku: "DDFFFFFF0B00000000000046"
  qty: -1
  referenceNo: "1045"
  orderId: "edfc9303-63a5-46db-b652-c411fe3be46d"
  type: "Bill Item"
  sourceId: "c536606d-3d54-490a-adf0-f88291b06841"
  Liabilities:CurrentLiabilities:AccountPayable
  referenceNo: "1045"
  orderId: "edfc9303-63a5-46db-b652-c411fe3be46d"
  type: "Bill"
  sourceId: "edfc9303-63a5-46db-b652-c411fe3be46d"
  contact: "998 12345708 (DavidKwan(Director)) [02ab8da0-959b-440e-9733-c02eab1b0288]"
2024-07-15 * "Invoice #450 Stock R2304 (gold) Tour"
  Income:Sales:SalesItem:SellGoldJewelry -1000.00 HKD
  category: "Gold Jewelry"
  sku: "DD2310200000000000000059"
  qty: 1
  referenceNo: "450"
  orderId: "fa629d6b-bdbd-45e7-88d2-d4a351dfea01"
  type: "Invoice Item"
  sourceId: "2be08588-42d9-46a6-b04d-8fcb5e20ef0f"
  Assets:CurrentAssets:AccountReceivable
  referenceNo: "450"
  orderId: "fa629d6b-bdbd-45e7-88d2-d4a351dfea01"
  type: "Invoice"
  sourceId: "fa629d6b-bdbd-45e7-88d2-d4a351dfea01"
  contact: "880 802 (Walkin) [42348712-7daa-4c29-93b7-756b472429a4]"
2024-07-15 * "Assets:CurrentAssets:Bank:KpayBank" "Invoice Payment for Invoice #450 #f9a8d140-1dd4-400f-a3df-30ab87f062eb"
  Assets:CurrentAssets:Bank:KpayBank 1000.00 HKD
  type: "Invoice Payment"
  sourceId: "f9a8d140-1dd4-400f-a3df-30ab87f062eb"
  referenceNo: "450"
  orderId: "fa629d6b-bdbd-45e7-88d2-d4a351dfea01"
  Assets:CurrentAssets:AccountReceivable -1000.00 HKD
  type: "Invoice Payment"
  sourceId: "f9a8d140-1dd4-400f-a3df-30ab87f062eb"
  referenceNo: "450"
  orderId: "fa629d6b-bdbd-45e7-88d2-d4a351dfea01"
  contact: "880 802 (Walkin) [42348712-7daa-4c29-93b7-756b472429a4]"
2024-07-16 * "Assets:CurrentAssets:Bank:BocSavingBank" "Invoice Payment for Invoice #653 #1123a7db-ee52-4111-b6b5-fdfc53602bf0"
  Assets:CurrentAssets:Bank:BocSavingBank 62500.00 HKD
  type: "Invoice Payment"
  sourceId: "1123a7db-ee52-4111-b6b5-fdfc53602bf0"
  referenceNo: "653"
  orderId: "78f7e9eb-1b08-469c-84b1-16cc95cc25db"
  Assets:CurrentAssets:AccountReceivable -62500.00 HKD
  type: "Invoice Payment"
  sourceId: "1123a7db-ee52-4111-b6b5-fdfc53602bf0"
  referenceNo: "653"
  orderId: "78f7e9eb-1b08-469c-84b1-16cc95cc25db"
  contact: "852 90551171 (VIDA) [e6849602-7837-4c55-9238-f7eacce03b4f]"
2024-07-16 * "Bill #1046 ERIC~補貨/客訂"
  referenceNo: "1046"
  orderId: "8e95b3ee-ad55-444a-ac43-48b92c120b1c"
  type: "Bill"
  Expenses:CostOfSales:Purchase:PurchaseItem:Buy18kJewelry 1652.00 CNY
  category: "Jewelry"
  sku: "DD2024071500000006"
  qty: 1
  referenceNo: "1046"
  orderId: "8e95b3ee-ad55-444a-ac43-48b92c120b1c"
  type: "Bill Item"
  sourceId: "95656275-b12c-4929-9a64-d07a6c1511b7"
  Expenses:CostOfSales:Purchase:PurchaseItem:Buy18kJewelry 2666.00 CNY
  category: "Jewelry"
  sku: "DD2024071600000001"
  qty: 1
  referenceNo: "1046"
  orderId: "8e95b3ee-ad55-444a-ac43-48b92c120b1c"
  type: "Bill Item"
  sourceId: "a9658e39-2429-4651-93e5-43d879e6280d"
  Expenses:CostOfSales:Purchase:PurchaseItem:Buy18kJewelry 2666.00 CNY
  category: "Jewelry"
  sku: "DD2024071600000003"
  qty: 1
  referenceNo: "1046"
  orderId: "8e95b3ee-ad55-444a-ac43-48b92c120b1c"
  type: "Bill Item"
  sourceId: "f9ab1108-7518-4ee5-9b27-697e375438c4"
  Expenses:CostOfSales:Purchase:PurchaseItem:Buy18kJewelry 2666.00 CNY
  category: "Jewelry"
  sku: "DD2024071600000002"
  qty: 1
  referenceNo: "1046"
  orderId: "8e95b3ee-ad55-444a-ac43-48b92c120b1c"
  type: "Bill Item"
  sourceId: "57a80c49-1512-40fb-9c7f-46ce87e0c71a"
  Expenses:CostOfSales:Purchase:PurchaseItem:Buy18kJewelry 2666.00 CNY
  category: "Jewelry"
  sku: "DD2024071600000004"
  qty: 1
  referenceNo: "1046"
  orderId: "8e95b3ee-ad55-444a-ac43-48b92c120b1c"
  type: "Bill Item"
  sourceId: "163b1e25-ed50-4d01-85d3-7c9513085326"
  Expenses:CostOfSales:Purchase:PurchaseItem:Buy18kJewelry 2666.00 CNY
  category: "Jewelry"
  sku: "DD2024071600000005"
  qty: 1
  referenceNo: "1046"
  orderId: "8e95b3ee-ad55-444a-ac43-48b92c120b1c"
  type: "Bill Item"
  sourceId: "002daead-ba5f-40f9-9b3d-701744d54e7b"
  Expenses:CostOfSales:Purchase:PurchaseItem:Buy18kJewelry 2089.00 CNY
  category: "Jewelry"
  sku: "DD2024072400000001"
  qty: 1
  referenceNo: "1046"
  orderId: "8e95b3ee-ad55-444a-ac43-48b92c120b1c"
  type: "Bill Item"
  sourceId: "9bc75f0c-2fad-4605-a829-d54efd260658"
  Expenses:CostOfSales:Purchase:PurchaseItem:Buy18kJewelry 1652.00 CNY
  category: "Jewelry"
  sku: "DD2024071500000001"
  qty: 1
  referenceNo: "1046"
  orderId: "8e95b3ee-ad55-444a-ac43-48b92c120b1c"
  type: "Bill Item"
  sourceId: "2029ee7f-8598-49e7-9bb5-621439a1b34d"
  Expenses:CostOfSales:Purchase:PurchaseItem:Buy18kJewelry 1652.00 CNY
  category: "Jewelry"
  sku: "DD2024071500000002"
  qty: 1
  referenceNo: "1046"
  orderId: "8e95b3ee-ad55-444a-ac43-48b92c120b1c"
  type: "Bill Item"
  sourceId: "4a50df6a-94cd-4359-abb0-e7a703e4df91"
  Expenses:CostOfSales:Purchase:PurchaseItem:Buy18kJewelry 1652.00 CNY
  category: "Jewelry"
  sku: "DD2024071500000003"
  qty: 1
  referenceNo: "1046"
  orderId: "8e95b3ee-ad55-444a-ac43-48b92c120b1c"
  type: "Bill Item"
  sourceId: "531791a8-1c9d-4b22-a659-12fe1a354494"
  Expenses:CostOfSales:Purchase:PurchaseItem:Buy18kJewelry 1652.00 CNY
  category: "Jewelry"
  sku: "DD2024071500000004"
  qty: 1
  referenceNo: "1046"
  orderId: "8e95b3ee-ad55-444a-ac43-48b92c120b1c"
  type: "Bill Item"
  sourceId: "ca795074-578c-44d4-a7b6-74716adea203"
  Expenses:CostOfSales:Purchase:PurchaseItem:Buy18kJewelry 1652.00 CNY
  category: "Jewelry"
  sku: "DD2024071500000005"
  qty: 1
  referenceNo: "1046"
  orderId: "8e95b3ee-ad55-444a-ac43-48b92c120b1c"
  type: "Bill Item"
  sourceId: "47826956-3301-4a0a-a5f1-a89f48785a5c"
  Expenses:CostOfSales:Purchase:PurchaseItem:Buy18kJewelry 2666.00 CNY
  category: "Jewelry"
  sku: "DD2024071600000006"
  qty: 1
  referenceNo: "1046"
  orderId: "8e95b3ee-ad55-444a-ac43-48b92c120b1c"
  type: "Bill Item"
  sourceId: "ae0c609d-925e-4566-99a9-01d3f5e27bf0"
  Expenses:CostOfSales:Purchase:PurchaseItem:Buy18kJewelry 1652.00 CNY
  category: "Jewelry"
  sku: "DD2024072100000001"
  qty: 1
  referenceNo: "1046"
  orderId: "8e95b3ee-ad55-444a-ac43-48b92c120b1c"
  type: "Bill Item"
  sourceId: "55c20fd1-add2-4fa0-b754-2eb4da55134e"
  Expenses:CostOfSales:Purchase:PurchaseItem:Buy18kJewelry 1652.00 CNY
  category: "Jewelry"
  sku: "DD2024072100000002"
  qty: 1
  referenceNo: "1046"
  orderId: "8e95b3ee-ad55-444a-ac43-48b92c120b1c"
  type: "Bill Item"
  sourceId: "d4a75d60-9d3e-417e-9b3d-93e3c3e8df77"
  Expenses:CostOfSales:Purchase:PurchaseItem:Buy18kJewelry 1652.00 CNY
  category: "Jewelry"
  sku: "DD2024071800000001"
  qty: 1
  referenceNo: "1046"
  orderId: "8e95b3ee-ad55-444a-ac43-48b92c120b1c"
  type: "Bill Item"
  sourceId: "f3c7c1d1-0198-4085-aa6b-50a1b3dd497e"
  Expenses:CostOfSales:Purchase:PurchaseItem:Buy18kJewelry 1652.00 CNY
  category: "Jewelry"
  sku: "DD2024071800000002"
  qty: 1
  referenceNo: "1046"
  orderId: "8e95b3ee-ad55-444a-ac43-48b92c120b1c"
  type: "Bill Item"
  sourceId: "af7bc9d3-22f9-4e10-8aa2-a2d95bfdadf1"
  Expenses:CostOfSales:Purchase:PurchaseItem:Buy18kJewelry 1652.00 CNY
  category: "Jewelry"
  sku: "DD2024071800000003"
  qty: 1
  referenceNo: "1046"
  orderId: "8e95b3ee-ad55-444a-ac43-48b92c120b1c"
  type: "Bill Item"
  sourceId: "7f7f3c28-c0ea-44d4-9e6a-3f48a687db03"
  Expenses:CostOfSales:Purchase:PurchaseItem:Buy18kJewelry 1652.00 CNY
  category: "Jewelry"
  sku: "DD2024071800000004"
  qty: 1
  referenceNo: "1046"
  orderId: "8e95b3ee-ad55-444a-ac43-48b92c120b1c"
  type: "Bill Item"
  sourceId: "27421d74-09b2-4272-8c56-708f841a04d6"
  Expenses:CostOfSales:Purchase:PurchaseItem:Buy18kJewelry 1652.00 CNY
  category: "Jewelry"
  sku: "DD2024071800000005"
  qty: 1
  referenceNo: "1046"
  orderId: "8e95b3ee-ad55-444a-ac43-48b92c120b1c"
  type: "Bill Item"
  sourceId: "aecec084-0fe9-4dd0-ad9d-eca0584a4ade"
  Expenses:CostOfSales:Purchase:PurchaseItem:Buy18kJewelry 1652.00 CNY
  category: "Jewelry"
  sku: "DD2024071800000006"
  qty: 1
  referenceNo: "1046"
  orderId: "8e95b3ee-ad55-444a-ac43-48b92c120b1c"
  type: "Bill Item"
  sourceId: "453f4dc2-fa65-450f-a8c8-8b0547457695"
  Expenses:CostOfSales:Purchase:PurchaseItem:Buy18kJewelry 1652.00 CNY
  category: "Jewelry"
  sku: "DD2024071800000007"
  qty: 1
  referenceNo: "1046"
  orderId: "8e95b3ee-ad55-444a-ac43-48b92c120b1c"
  type: "Bill Item"
  sourceId: "93ff9d43-a72c-4ca8-9a95-e62517ecf205"
  Expenses:CostOfSales:Purchase:PurchaseItem:Buy18kJewelry 3695.00 CNY
  category: "Jewelry"
  sku: "DD2024071800000008"
  qty: 1
  referenceNo: "1046"
  orderId: "8e95b3ee-ad55-444a-ac43-48b92c120b1c"
  type: "Bill Item"
  sourceId: "bb1645c4-203a-4e32-b2ad-0b7d88964189"
  Expenses:CostOfSales:Purchase:PurchaseItem:Buy18kJewelry 3695.00 CNY
  category: "Jewelry"
  sku: "DD2024071800000009"
  qty: 1
  referenceNo: "1046"
  orderId: "8e95b3ee-ad55-444a-ac43-48b92c120b1c"
  type: "Bill Item"
  sourceId: "c5e94f8f-a578-4182-ae2a-1bb8fd9d2cf9"
  Expenses:CostOfSales:Purchase:PurchaseItem:Buy18kJewelry 4468.00 CNY
  category: "Jewelry"
  sku: "DD2024071800000010"
  qty: 1
  referenceNo: "1046"
  orderId: "8e95b3ee-ad55-444a-ac43-48b92c120b1c"
  type: "Bill Item"
  sourceId: "e5e24991-368e-48e5-a641-44ac652a0e3e"
  Expenses:CostOfSales:Purchase:PurchaseItem:Buy18kJewelry 3637.00 CNY
  category: "Jewelry"
  sku: "DD2024071800000011"
  qty: 1
  referenceNo: "1046"
  orderId: "8e95b3ee-ad55-444a-ac43-48b92c120b1c"
  type: "Bill Item"
  sourceId: "25508bdb-ff05-4afc-baf4-501e377cdc5c"
  Expenses:CostOfSales:Purchase:PurchaseItem:Buy18kJewelry 3724.00 CNY
  category: "Jewelry"
  sku: "DD2024071800000012"
  qty: 1
  referenceNo: "1046"
  orderId: "8e95b3ee-ad55-444a-ac43-48b92c120b1c"
  type: "Bill Item"
  sourceId: "e8af3897-7475-46cb-b9ea-20070b9956e8"
  Expenses:CostOfSales:Purchase:PurchaseItem:Buy18kJewelry 2749.00 CNY
  category: "Jewelry"
  sku: "DD2024071800000013"
  qty: 1
  referenceNo: "1046"
  orderId: "8e95b3ee-ad55-444a-ac43-48b92c120b1c"
  type: "Bill Item"
  sourceId: "27fadf57-f36c-4f58-a7f3-53e3ca58e6a2"
  Expenses:CostOfSales:Purchase:PurchaseItem:Buy18kJewelry 2496.00 CNY
  category: "Jewelry"
  sku: "DD2024071800000014"
  qty: 1
  referenceNo: "1046"
  orderId: "8e95b3ee-ad55-444a-ac43-48b92c120b1c"
  type: "Bill Item"
  sourceId: "bb05c6eb-6ded-4e89-9bb2-cbb8c96627ef"
  Expenses:CostOfSales:Purchase:PurchaseItem:Buy18kJewelry 1652.00 CNY
  category: "Jewelry"
  sku: "DD2024072400000002"
  qty: 1
  referenceNo: "1046"
  orderId: "8e95b3ee-ad55-444a-ac43-48b92c120b1c"
  type: "Bill Item"
  sourceId: "38ad6f03-5834-4b9c-8cdd-690ea5955506"
  Expenses:CostOfSales:Purchase:PurchaseItem:Buy18kJewelry 4468.00 CNY
  category: "Jewelry"
  sku: "DD2024072400000003"
  qty: 1
  referenceNo: "1046"
  orderId: "8e95b3ee-ad55-444a-ac43-48b92c120b1c"
  type: "Bill Item"
  sourceId: "4becf3e9-778b-4956-a1b7-7c2c53a5fcea"
  Liabilities:CurrentLiabilities:AccountPayable
  referenceNo: "1046"
  orderId: "8e95b3ee-ad55-444a-ac43-48b92c120b1c"
  type: "Bill"
  sourceId: "8e95b3ee-ad55-444a-ac43-48b92c120b1c"
  contact: "86 97978678 (ERIC) [cb2cbf18-d8c3-40eb-a388-d7234ea70615]"
2024-07-17 * "Invoice #656 R24131 #18"
  Income:Sales:SalesItem:Sell18kJewelry -2500.00 HKD
  category: "Jewelry"
  sku: "DD2024072900000001"
  qty: 1
  referenceNo: "656"
  orderId: "6409f6a4-fdea-41c8-ab94-95e39c4bf2df"
  type: "Invoice Item"
  sourceId: "8bdfa41a-d0a0-49c1-bf05-e5269af02d7d"
  Assets:CurrentAssets:AccountReceivable
  referenceNo: "656"
  orderId: "6409f6a4-fdea-41c8-ab94-95e39c4bf2df"
  type: "Invoice"
  sourceId: "6409f6a4-fdea-41c8-ab94-95e39c4bf2df"
  contact: "852 96226225 (MsRachelShum) [9e3c03a5-0bb1-461a-a26e-217527c82dc1]"
2024-07-17 * "Assets:CurrentAssets:Bank:BocSavingBank" "Invoice Payment for Invoice #656 #55f06685-9dbf-4f1e-879c-900b6269f380"
  Assets:CurrentAssets:Bank:BocSavingBank 2500.00 HKD
  type: "Invoice Payment"
  sourceId: "55f06685-9dbf-4f1e-879c-900b6269f380"
  referenceNo: "656"
  orderId: "6409f6a4-fdea-41c8-ab94-95e39c4bf2df"
  Assets:CurrentAssets:AccountReceivable -2500.00 HKD
  type: "Invoice Payment"
  sourceId: "55f06685-9dbf-4f1e-879c-900b6269f380"
  referenceNo: "656"
  orderId: "6409f6a4-fdea-41c8-ab94-95e39c4bf2df"
  contact: "852 96226225 (MsRachelShum) [9e3c03a5-0bb1-461a-a26e-217527c82dc1]"
2024-07-17 * "Invoice #657 R24125 #15"
  Income:Sales:SalesItem:Sell18kJewelry -2500.00 HKD
  category: "Jewelry"
  sku: "DD2024071500000006"
  qty: 1
  referenceNo: "657"
  orderId: "98ac9fa2-e9d8-44c6-887c-a5690f333710"
  type: "Invoice Item"
  sourceId: "452bd2f1-d01c-4268-8011-18618c0a326a"
  Assets:CurrentAssets:AccountReceivable
  referenceNo: "657"
  orderId: "98ac9fa2-e9d8-44c6-887c-a5690f333710"
  type: "Invoice"
  sourceId: "98ac9fa2-e9d8-44c6-887c-a5690f333710"
  contact: "852 66477766 (MissTai) [340e13b3-fe9d-4679-a6ed-3b2f5d7c17bc]"
2024-07-18 * "Bill #1246 DKK 運費"
  referenceNo: "1246"
  orderId: "fdfffd9e-9252-4316-a0b3-58af45ef6ad8"
  type: "Bill"
  Expenses:GeneralExpense:TransportationAndCourier 20.00 HKD
  qty: "1"
  description: "DKK 運費"
  referenceNo: "1246"
  orderId: "fdfffd9e-9252-4316-a0b3-58af45ef6ad8"
  type: "Bill Item"
  sourceId: "12abd061-30b4-483a-8050-7e7f8f176a72"
  Liabilities:CurrentLiabilities:AccountPayable
  referenceNo: "1246"
  orderId: "fdfffd9e-9252-4316-a0b3-58af45ef6ad8"
  type: "Bill"
  sourceId: "fdfffd9e-9252-4316-a0b3-58af45ef6ad8"
  contact: "880 806 () [53b8789a-4451-4a1f-84f7-a9c5da7ada1a]"
2024-07-18 * "Invoice #662 Stock B23136 (gold) Tour Weight:5.62*636 工費425.68"
  Income:Sales:SalesItem:SellGoldJewelry -4000.00 HKD
  category: "Gold Jewelry"
  sku: "DDFF23051704000000000093"
  qty: 1
  referenceNo: "662"
  orderId: "19fa2af6-6a92-47eb-9a05-9d2774d82975"
  type: "Invoice Item"
  sourceId: "20ece660-2cb9-47b3-8e98-68b165126c95"
  Assets:CurrentAssets:AccountReceivable
  referenceNo: "662"
  orderId: "19fa2af6-6a92-47eb-9a05-9d2774d82975"
  type: "Invoice"
  sourceId: "19fa2af6-6a92-47eb-9a05-9d2774d82975"
  contact: "880 802 (Walkin) [42348712-7daa-4c29-93b7-756b472429a4]"
2024-07-18 * "880 806 () [53b8789a-4451-4a1f-84f7-a9c5da7ada1a]" "Bill Payment for Bill #1246 #f5352264-0111-4582-97a3-12fa4c3ee62e"
  Liabilities:CurrentLiabilities:AccountPayable 20.00 HKD
  contact: "880 806 () [53b8789a-4451-4a1f-84f7-a9c5da7ada1a]"
  type: "Bill Payment"
  sourceId: "f5352264-0111-4582-97a3-12fa4c3ee62e"
  referenceNo: "1246"
  orderId: "fdfffd9e-9252-4316-a0b3-58af45ef6ad8"
  Liabilities:CurrentLiabilities:CurrentAccount:C-a-MilrichElectronicsHkCoLtd -20.00 HKD
  type: "Bill Payment"
  sourceId: "f5352264-0111-4582-97a3-12fa4c3ee62e"
  referenceNo: "1246"
  orderId: "fdfffd9e-9252-4316-a0b3-58af45ef6ad8"
2024-07-18 * "Assets:CurrentAssets:Bank:KpayBank" "Invoice Payment for Invoice #662 #4659fa2b-9b3b-41e6-8a07-9b62938e1fff"
  Assets:CurrentAssets:Bank:KpayBank 4000.00 HKD
  type: "Invoice Payment"
  sourceId: "4659fa2b-9b3b-41e6-8a07-9b62938e1fff"
  referenceNo: "662"
  orderId: "19fa2af6-6a92-47eb-9a05-9d2774d82975"
  Assets:CurrentAssets:AccountReceivable -4000.00 HKD
  type: "Invoice Payment"
  sourceId: "4659fa2b-9b3b-41e6-8a07-9b62938e1fff"
  referenceNo: "662"
  orderId: "19fa2af6-6a92-47eb-9a05-9d2774d82975"
  contact: "880 802 (Walkin) [42348712-7daa-4c29-93b7-756b472429a4]"
2024-07-19 * "Assets:CurrentAssets:Bank:BocSavingBank" "Invoice Payment for Invoice #654 #6497b040-6443-4460-a8e7-fbadec901a7b"
  Assets:CurrentAssets:Bank:BocSavingBank 2500.00 HKD
  type: "Invoice Payment"
  sourceId: "6497b040-6443-4460-a8e7-fbadec901a7b"
  referenceNo: "654"
  orderId: "df3d68b7-6880-4723-9580-68b5f5b1dc2a"
  Assets:CurrentAssets:AccountReceivable -2500.00 HKD
  type: "Invoice Payment"
  sourceId: "6497b040-6443-4460-a8e7-fbadec901a7b"
  referenceNo: "654"
  orderId: "df3d68b7-6880-4723-9580-68b5f5b1dc2a"
  contact: "852 97287697 (MsBonnieCheung) [87397830-6848-45ae-842c-e85bd19613d2]"
2024-07-19 * "Invoice #654 R24131 #20"
  Income:Sales:SalesItem:Sell18kJewelry -2500.00 HKD
  category: "Jewelry"
  sku: "DD2024080600000001"
  qty: 1
  referenceNo: "654"
  orderId: "df3d68b7-6880-4723-9580-68b5f5b1dc2a"
  type: "Invoice Item"
  sourceId: "417b7bad-ee39-462b-839a-d544099a4c9a"
  Assets:CurrentAssets:AccountReceivable
  referenceNo: "654"
  orderId: "df3d68b7-6880-4723-9580-68b5f5b1dc2a"
  type: "Invoice"
  sourceId: "df3d68b7-6880-4723-9580-68b5f5b1dc2a"
  contact: "852 97287697 (MsBonnieCheung) [87397830-6848-45ae-842c-e85bd19613d2]"
2024-07-20 * "Invoice #690 R24126 #14"
  Income:Sales:SalesItem:Sell18kJewelry -2500.00 HKD
  category: "Jewelry"
  sku: "DD2024071800000006"
  qty: 1
  referenceNo: "690"
  orderId: "d1bdc142-6cfe-47c1-99dd-06bf3bb440cd"
  type: "Invoice Item"
  sourceId: "444e8fa1-33c8-4acb-8562-e1b121885af5"
  Assets:CurrentAssets:AccountReceivable
  referenceNo: "690"
  orderId: "d1bdc142-6cfe-47c1-99dd-06bf3bb440cd"
  type: "Invoice"
  sourceId: "d1bdc142-6cfe-47c1-99dd-06bf3bb440cd"
  contact: "852 51866721 (MsAnnaLai) [8b747e84-781f-43f9-8f8e-fb917342d6fe]"
2024-07-20 * "Assets:CurrentAssets:Bank:BocSavingBank" "Invoice Payment for Invoice #690 #d21cf831-ad19-4807-8ac9-e289998d01da"
  Assets:CurrentAssets:Bank:BocSavingBank 2500.00 HKD
  type: "Invoice Payment"
  sourceId: "d21cf831-ad19-4807-8ac9-e289998d01da"
  referenceNo: "690"
  orderId: "d1bdc142-6cfe-47c1-99dd-06bf3bb440cd"
  Assets:CurrentAssets:AccountReceivable -2500.00 HKD
  type: "Invoice Payment"
  sourceId: "d21cf831-ad19-4807-8ac9-e289998d01da"
  referenceNo: "690"
  orderId: "d1bdc142-6cfe-47c1-99dd-06bf3bb440cd"
  contact: "852 51866721 (MsAnnaLai) [8b747e84-781f-43f9-8f8e-fb917342d6fe]"
2024-07-22 * "Bill #1085 G17 08月2024 租金"
  referenceNo: "1085"
  orderId: "c5a74d29-a81b-44e8-b587-3b0755a88598"
  type: "Bill"
  Expenses:GeneralExpense:Rent 48000.00 HKD
  qty: "1"
  description: "G17 08月2024 租金"
  referenceNo: "1085"
  orderId: "c5a74d29-a81b-44e8-b587-3b0755a88598"
  type: "Bill Item"
  sourceId: "f15bcda8-5784-499f-af7c-e443f6c0c180"
  Liabilities:CurrentLiabilities:AccountPayable
  referenceNo: "1085"
  orderId: "c5a74d29-a81b-44e8-b587-3b0755a88598"
  type: "Bill"
  sourceId: "c5a74d29-a81b-44e8-b587-3b0755a88598"
  contact: "880 806 () [53b8789a-4451-4a1f-84f7-a9c5da7ada1a]"
2024-07-22 * "Assets:CurrentAssets:Bank:BocSavingBank" "Invoice Payment for Invoice #467 #7cfa9b96-ddf5-4fb3-94ba-5062562ab09b"
  Assets:CurrentAssets:Bank:BocSavingBank 2500.00 HKD
  type: "Invoice Payment"
  sourceId: "7cfa9b96-ddf5-4fb3-94ba-5062562ab09b"
  referenceNo: "467"
  orderId: "2e7e6e55-cd74-4116-b1ef-08e9896103d2"
  Assets:CurrentAssets:AccountReceivable -2500.00 HKD
  type: "Invoice Payment"
  sourceId: "7cfa9b96-ddf5-4fb3-94ba-5062562ab09b"
  referenceNo: "467"
  orderId: "2e7e6e55-cd74-4116-b1ef-08e9896103d2"
  contact: "852 93756959 (Yan) [80b16317-49f1-46b7-bec2-60bb5331f2f8]"
2024-07-22 * "880 806 () [53b8789a-4451-4a1f-84f7-a9c5da7ada1a]" "Bill Payment for Bill #1085 #1fb86c8f-e445-48f4-b1cf-57be6f55221d"
  Liabilities:CurrentLiabilities:AccountPayable 48000.00 HKD
  contact: "880 806 () [53b8789a-4451-4a1f-84f7-a9c5da7ada1a]"
  type: "Bill Payment"
  sourceId: "1fb86c8f-e445-48f4-b1cf-57be6f55221d"
  referenceNo: "1085"
  orderId: "c5a74d29-a81b-44e8-b587-3b0755a88598"
  Assets:CurrentAssets:Bank:BocCurrentBank -48000.00 HKD
  type: "Bill Payment"
  sourceId: "1fb86c8f-e445-48f4-b1cf-57be6f55221d"
  referenceNo: "1085"
  orderId: "c5a74d29-a81b-44e8-b587-3b0755a88598"
2024-07-22 * "Invoice #677 Staff~ 興哥"
  Income:Sales:SalesItem:SellGoldJewelry -18500.00 HKD
  category: "Gold Jewelry"
  sku: "DDFF23051204000000000051"
  qty: 1
  referenceNo: "677"
  orderId: "f90c6819-bfdb-43b1-9310-1a6be0d14b2b"
  type: "Invoice Item"
  sourceId: "cdbcb5e3-79c4-4675-b5b6-ee8347284807"
  Assets:CurrentAssets:AccountReceivable
  referenceNo: "677"
  orderId: "f90c6819-bfdb-43b1-9310-1a6be0d14b2b"
  type: "Invoice"
  sourceId: "f90c6819-bfdb-43b1-9310-1a6be0d14b2b"
  contact: "undefined 000 (興哥) [d48254c3-f428-4a56-b716-6af77aab83da]"
2024-07-22 * "Invoice #676 Staff~ 燕姐"
  Income:Sales:SalesItem:SellGoldJewelry -15400.00 HKD
  category: "Gold Jewelry"
  sku: "DD2310200000000000000015"
  qty: 1
  referenceNo: "676"
  orderId: "5ae59e50-f7cc-4cb9-9758-0b628f5473b0"
  type: "Invoice Item"
  sourceId: "dc777a27-7840-4d85-88cf-8367f8c33bbb"
  Income:Sales:SalesItem:SellGoldJewelry -7800.00 HKD
  category: "Gold Jewelry"
  sku: "DD2310200000000000000217"
  qty: 1
  referenceNo: "676"
  orderId: "5ae59e50-f7cc-4cb9-9758-0b628f5473b0"
  type: "Invoice Item"
  sourceId: "6e415b49-08ea-4c91-a146-72d32ea58239"
  Income:Sales:SalesItem:SellGoldJewelry -12000.00 HKD
  category: "Gold Jewelry"
  sku: "DDFF23051703000000000034"
  qty: 1
  referenceNo: "676"
  orderId: "5ae59e50-f7cc-4cb9-9758-0b628f5473b0"
  type: "Invoice Item"
  sourceId: "6adfcf51-c4df-4aba-8aa0-93e220fc2d9e"
  Income:Sales:SalesItem:SellGoldJewelry -16000.00 HKD
  category: "Gold Jewelry"
  sku: "DDFF23051203000000000020"
  qty: 1
  referenceNo: "676"
  orderId: "5ae59e50-f7cc-4cb9-9758-0b628f5473b0"
  type: "Invoice Item"
  sourceId: "39f8f2e6-553c-4b4c-9bbe-b9f1582fd660"
  Income:Sales:SalesItem:SellGoldJewelry -14500.00 HKD
  category: "Gold Jewelry"
  sku: "DD2310200000000000000006"
  qty: 1
  referenceNo: "676"
  orderId: "5ae59e50-f7cc-4cb9-9758-0b628f5473b0"
  type: "Invoice Item"
  sourceId: "487b96d2-f7b5-4335-a866-3a243bdf1dda"
  Income:Sales:SalesItem:SellGoldJewelry -14500.00 HKD
  category: "Gold Jewelry"
  sku: "DD2310200000000000000014"
  qty: 1
  referenceNo: "676"
  orderId: "5ae59e50-f7cc-4cb9-9758-0b628f5473b0"
  type: "Invoice Item"
  sourceId: "db26f9a9-d9d9-4a7f-b1dd-3213b627e685"
  Assets:CurrentAssets:AccountReceivable
  referenceNo: "676"
  orderId: "5ae59e50-f7cc-4cb9-9758-0b628f5473b0"
  type: "Invoice"
  sourceId: "5ae59e50-f7cc-4cb9-9758-0b628f5473b0"
  contact: "852 52817706 ((MW)MS.HUANG燕姐) [39acd1e7-bbdb-4094-b694-39837413f816]"
2024-07-22 * "Invoice #666 Staff~ 基哥"
  Income:Sales:SalesItem:Sell18kJewelry -1800.00 HKD
  category: "Jewelry"
  sku: "DDFFFFFF0200000000000009"
  qty: 1
  referenceNo: "666"
  orderId: "46d4f43f-83cf-4b7e-8fc9-b73e2f1e646f"
  type: "Invoice Item"
  sourceId: "67c98c8c-72a8-44c0-a543-cb9963cb7433"
  Income:Sales:SalesItem:Sell18kJewelry -900.00 HKD
  category: "Jewelry"
  sku: "DDFFFFFF0700000000000024"
  qty: 1
  referenceNo: "666"
  orderId: "46d4f43f-83cf-4b7e-8fc9-b73e2f1e646f"
  type: "Invoice Item"
  sourceId: "2f0b8a61-b3d3-4e35-a854-cd6ebbffc29d"
  Assets:CurrentAssets:AccountReceivable
  referenceNo: "666"
  orderId: "46d4f43f-83cf-4b7e-8fc9-b73e2f1e646f"
  type: "Invoice"
  sourceId: "46d4f43f-83cf-4b7e-8fc9-b73e2f1e646f"
  contact: "880 802 (Walkin) [42348712-7daa-4c29-93b7-756b472429a4]"
2024-07-22 * "Assets:CurrentAssets:Cash:CashInHand" "Invoice Payment for Invoice #676 #73563ef5-99c9-456c-bcd3-9eb42e9d595e"
  Assets:CurrentAssets:Cash:CashInHand 73500.00 HKD
  type: "Invoice Payment"
  sourceId: "73563ef5-99c9-456c-bcd3-9eb42e9d595e"
  referenceNo: "676"
  orderId: "5ae59e50-f7cc-4cb9-9758-0b628f5473b0"
  Assets:CurrentAssets:AccountReceivable -73500.00 HKD
  type: "Invoice Payment"
  sourceId: "73563ef5-99c9-456c-bcd3-9eb42e9d595e"
  referenceNo: "676"
  orderId: "5ae59e50-f7cc-4cb9-9758-0b628f5473b0"
  contact: "852 52817706 ((MW)MS.HUANG燕姐) [39acd1e7-bbdb-4094-b694-39837413f816]"
2024-07-22 * "Assets:CurrentAssets:Cash:CashInHand" "Invoice Payment for Invoice #677 #51abbe97-6862-4767-8ef7-0929bbec7f5f"
  Assets:CurrentAssets:Cash:CashInHand 18500.00 HKD
  type: "Invoice Payment"
  sourceId: "51abbe97-6862-4767-8ef7-0929bbec7f5f"
  referenceNo: "677"
  orderId: "f90c6819-bfdb-43b1-9310-1a6be0d14b2b"
  Assets:CurrentAssets:AccountReceivable -18500.00 HKD
  type: "Invoice Payment"
  sourceId: "51abbe97-6862-4767-8ef7-0929bbec7f5f"
  referenceNo: "677"
  orderId: "f90c6819-bfdb-43b1-9310-1a6be0d14b2b"
  contact: "undefined 000 (興哥) [d48254c3-f428-4a56-b716-6af77aab83da]"
2024-07-22 * "Assets:CurrentAssets:Cash:CashInHand" "Invoice Payment for Invoice #666 #0bb3f446-d360-4c44-8ca4-b5f95f81c2e2"
  Assets:CurrentAssets:Cash:CashInHand 2700.00 HKD
  type: "Invoice Payment"
  sourceId: "0bb3f446-d360-4c44-8ca4-b5f95f81c2e2"
  referenceNo: "666"
  orderId: "46d4f43f-83cf-4b7e-8fc9-b73e2f1e646f"
  Assets:CurrentAssets:AccountReceivable -2700.00 HKD
  type: "Invoice Payment"
  sourceId: "0bb3f446-d360-4c44-8ca4-b5f95f81c2e2"
  referenceNo: "666"
  orderId: "46d4f43f-83cf-4b7e-8fc9-b73e2f1e646f"
  contact: "880 802 (Walkin) [42348712-7daa-4c29-93b7-756b472429a4]"
2024-07-23 * "Assets:CurrentAssets:Bank:BocSavingBank" "Invoice Payment for Invoice #470 #4a758e3a-8577-49b7-80c3-86ed30ab2635"
  Assets:CurrentAssets:Bank:BocSavingBank 7400.00 HKD
  type: "Invoice Payment"
  sourceId: "4a758e3a-8577-49b7-80c3-86ed30ab2635"
  referenceNo: "470"
  orderId: "d46cedeb-f438-42a7-8eea-82d8c36a36ae"
  Assets:CurrentAssets:AccountReceivable -7400.00 HKD
  type: "Invoice Payment"
  sourceId: "4a758e3a-8577-49b7-80c3-86ed30ab2635"
  referenceNo: "470"
  orderId: "d46cedeb-f438-42a7-8eea-82d8c36a36ae"
  contact: "852 93879784 (MissLeung) [ca5e4115-d9fe-423e-b487-f3412230867c]"
2024-07-23 * "Liabilities:CurrentLiabilities:CurrentAccount:C-a-DirectorDavidKwan" "Invoice Payment for Invoice #460 #dc9e1042-a90f-4a89-a1fe-9effe581a503"
  Liabilities:CurrentLiabilities:CurrentAccount:C-a-DirectorDavidKwan 14365.00 HKD
  type: "Invoice Payment"
  sourceId: "dc9e1042-a90f-4a89-a1fe-9effe581a503"
  referenceNo: "460"
  orderId: "7a98718c-d216-46d3-86b6-82b811dc9d54"
  Assets:CurrentAssets:AccountReceivable -14365.00 HKD
  type: "Invoice Payment"
  sourceId: "dc9e1042-a90f-4a89-a1fe-9effe581a503"
  referenceNo: "460"
  orderId: "7a98718c-d216-46d3-86b6-82b811dc9d54"
  contact: "998 12345708 (DavidKwan(Director)) [02ab8da0-959b-440e-9733-c02eab1b0288]"
2024-07-23 * "Assets:CurrentAssets:Cash:CashInHand" "Invoice Payment for Invoice #676 #917c2898-c59f-4934-9c92-d2d675968621"
  Assets:CurrentAssets:Cash:CashInHand 6700.00 HKD
  type: "Invoice Payment"
  sourceId: "917c2898-c59f-4934-9c92-d2d675968621"
  referenceNo: "676"
  orderId: "5ae59e50-f7cc-4cb9-9758-0b628f5473b0"
  Assets:CurrentAssets:AccountReceivable -6700.00 HKD
  type: "Invoice Payment"
  sourceId: "917c2898-c59f-4934-9c92-d2d675968621"
  referenceNo: "676"
  orderId: "5ae59e50-f7cc-4cb9-9758-0b628f5473b0"
  contact: "852 52817706 ((MW)MS.HUANG燕姐) [39acd1e7-bbdb-4094-b694-39837413f816]"
2024-07-23 * "Invoice #460 FOR SHIRLEY"
  Income:Sales:SalesItem:SellGoldJewelry -6878.00 HKD
  category: "Gold Jewelry"
  sku: "DDFF23051703000000000033"
  qty: 1
  referenceNo: "460"
  orderId: "7a98718c-d216-46d3-86b6-82b811dc9d54"
  type: "Invoice Item"
  sourceId: "992c24b3-01e4-48f9-adfd-dad862c0a0bd"
  Income:Sales:SalesItem:SellGoldJewelry -7487.00 HKD
  category: "Gold Jewelry"
  sku: "DDFF23051704000000000064"
  qty: 1
  referenceNo: "460"
  orderId: "7a98718c-d216-46d3-86b6-82b811dc9d54"
  type: "Invoice Item"
  sourceId: "ac5d4d6b-7a1e-4c5b-b35f-7fdae7cca0b6"
  Assets:CurrentAssets:AccountReceivable
  referenceNo: "460"
  orderId: "7a98718c-d216-46d3-86b6-82b811dc9d54"
  type: "Invoice"
  sourceId: "7a98718c-d216-46d3-86b6-82b811dc9d54"
  contact: "998 12345708 (DavidKwan(Director)) [02ab8da0-959b-440e-9733-c02eab1b0288]"
2024-07-24 * "Bill #1084 07月2024年MPF"
  referenceNo: "1084"
  orderId: "31f6116b-bf75-480f-b75b-cecd3789f004"
  type: "Bill"
  Expenses:GeneralExpense:Mpf 7100.00 HKD
  qty: "1"
  description: "07月2024年MPF"
  referenceNo: "1084"
  orderId: "31f6116b-bf75-480f-b75b-cecd3789f004"
  type: "Bill Item"
  sourceId: "28a91b9d-e026-4857-b98d-ac54bca95d16"
  Liabilities:CurrentLiabilities:AccountPayable
  referenceNo: "1084"
  orderId: "31f6116b-bf75-480f-b75b-cecd3789f004"
  type: "Bill"
  sourceId: "31f6116b-bf75-480f-b75b-cecd3789f004"
  contact: "880 806 () [53b8789a-4451-4a1f-84f7-a9c5da7ada1a]"
2024-07-24 * "Assets:CurrentAssets:Cash:CashInHand" "Invoice Payment for Invoice #449 #2f4ada67-ac6f-443b-be5a-c93c55526f9c"
  Assets:CurrentAssets:Cash:CashInHand 4051.00 USD
  type: "Invoice Payment"
  sourceId: "2f4ada67-ac6f-443b-be5a-c93c55526f9c"
  referenceNo: "449"
  orderId: "9a76ed97-19a3-43a8-9c5b-6872ba677901"
  Assets:CurrentAssets:AccountReceivable -4051.00 USD
  type: "Invoice Payment"
  sourceId: "2f4ada67-ac6f-443b-be5a-c93c55526f9c"
  referenceNo: "449"
  orderId: "9a76ed97-19a3-43a8-9c5b-6872ba677901"
  contact: "880 802 (Walkin) [42348712-7daa-4c29-93b7-756b472429a4]"
2024-07-24 * "880 806 () [53b8789a-4451-4a1f-84f7-a9c5da7ada1a]" "Bill Payment for Bill #1084 #51ba4420-ee30-4edc-9ef3-7e11a7267f2e"
  Liabilities:CurrentLiabilities:AccountPayable 7100.00 HKD
  contact: "880 806 () [53b8789a-4451-4a1f-84f7-a9c5da7ada1a]"
  type: "Bill Payment"
  sourceId: "51ba4420-ee30-4edc-9ef3-7e11a7267f2e"
  referenceNo: "1084"
  orderId: "31f6116b-bf75-480f-b75b-cecd3789f004"
  Assets:CurrentAssets:Bank:BocCurrentBank -7100.00 HKD
  type: "Bill Payment"
  sourceId: "51ba4420-ee30-4edc-9ef3-7e11a7267f2e"
  referenceNo: "1084"
  orderId: "31f6116b-bf75-480f-b75b-cecd3789f004"
2024-07-25 * "Bill #1264 淘寶雜類 (24年7月) (paid by visa)"
  referenceNo: "1264"
  orderId: "68279188-7e3b-4c28-be6d-2cd8970fecb6"
  type: "Bill"
  Liabilities:CurrentLiabilities:CurrentAccount:C-a-MilwaysGoldLimited 67217.80 HKD
  qty: "1"
  description: "417裝修物資 淘寶"
  referenceNo: "1264"
  orderId: "68279188-7e3b-4c28-be6d-2cd8970fecb6"
  type: "Bill Item"
  sourceId: "06860cbd-9ca7-437a-ac8c-5b3a9c13d2e4"
  Expenses:GeneralExpense:Subscriptions 15927.58 HKD
  qty: "1"
  description: "PICUPMEDIA/GEMLIGHTBOX USD 2000 (12.7)"
  referenceNo: "1264"
  orderId: "68279188-7e3b-4c28-be6d-2cd8970fecb6"
  type: "Bill Item"
  sourceId: "25d6a855-b08b-4e87-abc8-f4dfd3456beb"
  Expenses:GeneralExpense:Subscriptions 159.31 HKD
  qty: "1"
  description: "VERCEL INC. USD 20 (7.20)"
  referenceNo: "1264"
  orderId: "68279188-7e3b-4c28-be6d-2cd8970fecb6"
  type: "Bill Item"
  sourceId: "dc495e4d-011b-4202-9526-3fab760b2b2c"
  Expenses:GeneralExpense:Subscriptions 1990.00 HKD
  qty: "1"
  description: "YICO ADVISORY 7月律師僱問費"
  referenceNo: "1264"
  orderId: "68279188-7e3b-4c28-be6d-2cd8970fecb6"
  type: "Bill Item"
  sourceId: "c4561dbf-d827-43ac-8f21-7fc78818bc0d"
  Expenses:GeneralExpense:Subscriptions 78.00 HKD
  qty: "1"
  description: "Microsoft*Microsoft (6.26)"
  referenceNo: "1264"
  orderId: "68279188-7e3b-4c28-be6d-2cd8970fecb6"
  type: "Bill Item"
  sourceId: "49ce1efb-b1b5-448e-a424-0e994a18ce1d"
  Expenses:GeneralExpense:GeneralExpensesDirect 1081.80 HKD
  qty: "1"
  description: "淘寶雜類"
  referenceNo: "1264"
  orderId: "68279188-7e3b-4c28-be6d-2cd8970fecb6"
  type: "Bill Item"
  sourceId: "4bf33a9d-54af-4460-8373-cd530031e846"
  Liabilities:CurrentLiabilities:AccountPayable
  referenceNo: "1264"
  orderId: "68279188-7e3b-4c28-be6d-2cd8970fecb6"
  type: "Bill"
  sourceId: "68279188-7e3b-4c28-be6d-2cd8970fecb6"
  contact: "880 806 () [53b8789a-4451-4a1f-84f7-a9c5da7ada1a]"
2024-07-25 * "880 806 () [53b8789a-4451-4a1f-84f7-a9c5da7ada1a]" "Bill Payment for Bill #1264 #780e19cd-a93e-4e3f-b88f-f75a7e5e42ad"
  Liabilities:CurrentLiabilities:AccountPayable 67217.80 HKD
  contact: "880 806 () [53b8789a-4451-4a1f-84f7-a9c5da7ada1a]"
  type: "Bill Payment"
  sourceId: "780e19cd-a93e-4e3f-b88f-f75a7e5e42ad"
  referenceNo: "1264"
  orderId: "68279188-7e3b-4c28-be6d-2cd8970fecb6"
  Assets:CurrentAssets:Bank:BocVisaCard-DavidBank -67217.80 HKD
  type: "Bill Payment"
  sourceId: "780e19cd-a93e-4e3f-b88f-f75a7e5e42ad"
  referenceNo: "1264"
  orderId: "68279188-7e3b-4c28-be6d-2cd8970fecb6"
2024-07-25 * "880 806 () [53b8789a-4451-4a1f-84f7-a9c5da7ada1a]" "Bill Payment for Bill #1264 #c733cb7c-7c3b-4d81-9754-ed4730a0d21e"
  Liabilities:CurrentLiabilities:AccountPayable 19236.69 HKD
  contact: "880 806 () [53b8789a-4451-4a1f-84f7-a9c5da7ada1a]"
  type: "Bill Payment"
  sourceId: "c733cb7c-7c3b-4d81-9754-ed4730a0d21e"
  referenceNo: "1264"
  orderId: "68279188-7e3b-4c28-be6d-2cd8970fecb6"
  Assets:CurrentAssets:Bank:BocVisaCard-DavidBank -19236.69 HKD
  type: "Bill Payment"
  sourceId: "c733cb7c-7c3b-4d81-9754-ed4730a0d21e"
  referenceNo: "1264"
  orderId: "68279188-7e3b-4c28-be6d-2cd8970fecb6"
2024-07-25 * "86 97978678 (ERIC) [cb2cbf18-d8c3-40eb-a388-d7234ea70615]" "Bill Payment for Bill #1046 #06b2a660-30e9-4f56-9287-6c56bc0be463"
  Liabilities:CurrentLiabilities:AccountPayable 73449.00 CNY
  contact: "86 97978678 (ERIC) [cb2cbf18-d8c3-40eb-a388-d7234ea70615]"
  type: "Bill Payment"
  sourceId: "06b2a660-30e9-4f56-9287-6c56bc0be463"
  referenceNo: "1046"
  orderId: "8e95b3ee-ad55-444a-ac43-48b92c120b1c"
  Liabilities:CurrentLiabilities:CurrentAccount:C-a-MilrichElectronicsHkCoLtd -73449.00 CNY
  type: "Bill Payment"
  sourceId: "06b2a660-30e9-4f56-9287-6c56bc0be463"
  referenceNo: "1046"
  orderId: "8e95b3ee-ad55-444a-ac43-48b92c120b1c"
2024-07-25 * "Invoice #671 Stock R24125 #12"
  Income:Sales:SalesItem:Sell18kJewelry -2500.00 HKD
  category: "Jewelry"
  sku: "DD2024071800000001"
  qty: 1
  referenceNo: "671"
  orderId: "8bcaad84-3ed9-4bef-92fc-dfd8de30bc78"
  type: "Invoice Item"
  sourceId: "2f0ddbbd-902c-419c-9559-209623a2e5cb"
  Assets:CurrentAssets:AccountReceivable
  referenceNo: "671"
  orderId: "8bcaad84-3ed9-4bef-92fc-dfd8de30bc78"
  type: "Invoice"
  sourceId: "8bcaad84-3ed9-4bef-92fc-dfd8de30bc78"
  contact: "880 802 (Walkin) [42348712-7daa-4c29-93b7-756b472429a4]"
2024-07-25 * "Assets:CurrentAssets:Bank:KpayBank" "Invoice Payment for Invoice #671 #dcd20358-6810-47a5-8e5d-8f5379403a48"
  Assets:CurrentAssets:Bank:KpayBank 2500.00 HKD
  type: "Invoice Payment"
  sourceId: "dcd20358-6810-47a5-8e5d-8f5379403a48"
  referenceNo: "671"
  orderId: "8bcaad84-3ed9-4bef-92fc-dfd8de30bc78"
  Assets:CurrentAssets:AccountReceivable -2500.00 HKD
  type: "Invoice Payment"
  sourceId: "dcd20358-6810-47a5-8e5d-8f5379403a48"
  referenceNo: "671"
  orderId: "8bcaad84-3ed9-4bef-92fc-dfd8de30bc78"
  contact: "880 802 (Walkin) [42348712-7daa-4c29-93b7-756b472429a4]"
2024-07-25 * "Bill #1049 FOR SHIRLEY"
  referenceNo: "1049"
  orderId: "377c38c9-6505-43b9-9641-098ebc00585e"
  type: "Bill"
  Income:Sales:SalesItem:Sell18kJewelry 13000.00 HKD
  category: "Jewelry"
  sku: "DD2024072800000001"
  qty: 1
  referenceNo: "1049"
  orderId: "377c38c9-6505-43b9-9641-098ebc00585e"
  type: "Bill Item"
  sourceId: "e9699ca6-c2e6-4f0a-8c19-342c9ce0b74f"
  Expenses:GeneralExpense:BankFeesExpense 5.00 HKD
  qty: "1"
  description: "BANK FEE"
  referenceNo: "1049"
  orderId: "377c38c9-6505-43b9-9641-098ebc00585e"
  type: "Bill Item"
  sourceId: "3d241786-92b7-4068-80a8-76260b512b92"
  Liabilities:CurrentLiabilities:AccountPayable
  referenceNo: "1049"
  orderId: "377c38c9-6505-43b9-9641-098ebc00585e"
  type: "Bill"
  sourceId: "377c38c9-6505-43b9-9641-098ebc00585e"
  contact: "852 96544060 (YHJEWELRYLIMITED) [6ff7ad8d-b4f9-4035-9036-23838ff405cd]"
2024-07-25 * "Invoice #445 Stock N2321 Gold Jewellery 2.47g"
  Income:Sales:SalesItem:SellGoldJewelry -1600.00 HKD
  category: "Gold Jewelry"
  sku: "DDFF23051203000000000004"
  qty: 1
  referenceNo: "445"
  orderId: "664c0352-7c95-43c0-afbf-87bdf7d33466"
  type: "Invoice Item"
  sourceId: "dea3fe45-8f2e-43ac-827a-164b5fec4b4a"
  Assets:CurrentAssets:AccountReceivable
  referenceNo: "445"
  orderId: "664c0352-7c95-43c0-afbf-87bdf7d33466"
  type: "Invoice"
  sourceId: "664c0352-7c95-43c0-afbf-87bdf7d33466"
  contact: "880 802 (Walkin) [42348712-7daa-4c29-93b7-756b472429a4]"
2024-07-25 * "Invoice #675 Stock R2303/R2374/N2355 (gold) Tour"
  Income:Sales:SalesItem:SellGoldJewelry -2900.00 HKD
  category: "Gold Jewelry"
  sku: "DD2310200000000000000210"
  qty: 1
  referenceNo: "675"
  orderId: "faa8f78f-c109-4eb3-88ed-a0b403f4a18e"
  type: "Invoice Item"
  sourceId: "107624e8-b3d0-4009-a95d-987860612bc1"
  Income:Sales:SalesItem:SellGoldJewelry -1800.00 HKD
  category: "Gold Jewelry"
  sku: "DDFF23051205000000000003"
  qty: 1
  referenceNo: "675"
  orderId: "faa8f78f-c109-4eb3-88ed-a0b403f4a18e"
  type: "Invoice Item"
  sourceId: "dbff293f-1142-4619-81e3-81557fc4e55a"
  Income:Sales:SalesItem:SellGoldJewelry -2200.00 HKD
  category: "Gold Jewelry"
  sku: "DDFF23051703000000000015"
  qty: 1
  referenceNo: "675"
  orderId: "faa8f78f-c109-4eb3-88ed-a0b403f4a18e"
  type: "Invoice Item"
  sourceId: "7b47ba9b-4f6b-428a-af8a-fe0f3a343856"
  Assets:CurrentAssets:AccountReceivable
  referenceNo: "675"
  orderId: "faa8f78f-c109-4eb3-88ed-a0b403f4a18e"
  type: "Invoice"
  sourceId: "faa8f78f-c109-4eb3-88ed-a0b403f4a18e"
  contact: "880 802 (Walkin) [42348712-7daa-4c29-93b7-756b472429a4]"
2024-07-25 * "Invoice #678 Stock Gold Jewellery 7.47g"
  Income:Sales:SalesItem:SellGoldJewelry -2460.00 HKD
  category: "Gold Jewelry"
  sku: "DD2310200000000000000221"
  qty: 1
  referenceNo: "678"
  orderId: "1ce78976-bdd3-4004-b630-72222cdfc29d"
  type: "Invoice Item"
  sourceId: "6a7d00b3-afb2-41ac-8900-fe3ed62b6971"
  Income:Sales:SalesItem:SellGoldJewelry -2300.00 HKD
  category: "Gold Jewelry"
  sku: "DDFF23051703000000000014"
  qty: 1
  referenceNo: "678"
  orderId: "1ce78976-bdd3-4004-b630-72222cdfc29d"
  type: "Invoice Item"
  sourceId: "93de629f-69fb-441b-b457-415f3c749363"
  Assets:CurrentAssets:AccountReceivable
  referenceNo: "678"
  orderId: "1ce78976-bdd3-4004-b630-72222cdfc29d"
  type: "Invoice"
  sourceId: "1ce78976-bdd3-4004-b630-72222cdfc29d"
  contact: "880 802 (Walkin) [42348712-7daa-4c29-93b7-756b472429a4]"
2024-07-25 * "Assets:CurrentAssets:Cash:CashInHand" "Invoice Payment for Invoice #445 #0c23fbd3-44ed-4188-a526-0294998929ad"
  Assets:CurrentAssets:Cash:CashInHand 1600.00 HKD
  type: "Invoice Payment"
  sourceId: "0c23fbd3-44ed-4188-a526-0294998929ad"
  referenceNo: "445"
  orderId: "664c0352-7c95-43c0-afbf-87bdf7d33466"
  Assets:CurrentAssets:AccountReceivable -1600.00 HKD
  type: "Invoice Payment"
  sourceId: "0c23fbd3-44ed-4188-a526-0294998929ad"
  referenceNo: "445"
  orderId: "664c0352-7c95-43c0-afbf-87bdf7d33466"
  contact: "880 802 (Walkin) [42348712-7daa-4c29-93b7-756b472429a4]"
2024-07-25 * "Assets:CurrentAssets:Bank:KpayBank" "Invoice Payment for Invoice #675 #b153518e-5912-4242-89b5-b5cdf7173449"
  Assets:CurrentAssets:Bank:KpayBank 6900.00 HKD
  type: "Invoice Payment"
  sourceId: "b153518e-5912-4242-89b5-b5cdf7173449"
  referenceNo: "675"
  orderId: "faa8f78f-c109-4eb3-88ed-a0b403f4a18e"
  Assets:CurrentAssets:AccountReceivable -6900.00 HKD
  type: "Invoice Payment"
  sourceId: "b153518e-5912-4242-89b5-b5cdf7173449"
  referenceNo: "675"
  orderId: "faa8f78f-c109-4eb3-88ed-a0b403f4a18e"
  contact: "880 802 (Walkin) [42348712-7daa-4c29-93b7-756b472429a4]"
2024-07-25 * "Assets:CurrentAssets:Bank:KpayBank" "Invoice Payment for Invoice #678 #57b2dfee-4fa5-478a-8745-805271a95bf0"
  Assets:CurrentAssets:Bank:KpayBank 4760.00 HKD
  type: "Invoice Payment"
  sourceId: "57b2dfee-4fa5-478a-8745-805271a95bf0"
  referenceNo: "678"
  orderId: "1ce78976-bdd3-4004-b630-72222cdfc29d"
  Assets:CurrentAssets:AccountReceivable -4760.00 HKD
  type: "Invoice Payment"
  sourceId: "57b2dfee-4fa5-478a-8745-805271a95bf0"
  referenceNo: "678"
  orderId: "1ce78976-bdd3-4004-b630-72222cdfc29d"
  contact: "880 802 (Walkin) [42348712-7daa-4c29-93b7-756b472429a4]"
2024-07-26 * "Bill #1241 美泰樂 6月2024 Statement"
  referenceNo: "1241"
  orderId: "339360c7-190f-4bcc-b9b0-c12496a539ad"
  type: "Bill"
  Expenses:OtherExpenses:RefiningExpense金 2402.81 USD
  qty: "1"
  description: " 美泰樂 6月2024 Statement"
  referenceNo: "1241"
  orderId: "339360c7-190f-4bcc-b9b0-c12496a539ad"
  type: "Bill Item"
  sourceId: "70118a63-533d-4e13-818a-b0032719563a"
  Liabilities:CurrentLiabilities:AccountPayable
  referenceNo: "1241"
  orderId: "339360c7-190f-4bcc-b9b0-c12496a539ad"
  type: "Bill"
  sourceId: "339360c7-190f-4bcc-b9b0-c12496a539ad"
  contact: "852 25214131 (MetalorPreciousMetalsHongKongLimited) [15ad8699-ee98-44fa-a02a-90521ca3ff05]"
2024-07-26 * "852 96544060 (YHJEWELRYLIMITED) [6ff7ad8d-b4f9-4035-9036-23838ff405cd]" "Bill Payment for Bill #1049 #d5a15125-e0fd-4d40-9dd2-aed07f867f5c"
  Liabilities:CurrentLiabilities:AccountPayable 13000.00 HKD
  contact: "852 96544060 (YHJEWELRYLIMITED) [6ff7ad8d-b4f9-4035-9036-23838ff405cd]"
  type: "Bill Payment"
  sourceId: "d5a15125-e0fd-4d40-9dd2-aed07f867f5c"
  referenceNo: "1049"
  orderId: "377c38c9-6505-43b9-9641-098ebc00585e"
  Assets:CurrentAssets:Bank:BocSavingBank -13000.00 HKD
  type: "Bill Payment"
  sourceId: "d5a15125-e0fd-4d40-9dd2-aed07f867f5c"
  referenceNo: "1049"
  orderId: "377c38c9-6505-43b9-9641-098ebc00585e"
2024-07-26 * "852 96544060 (YHJEWELRYLIMITED) [6ff7ad8d-b4f9-4035-9036-23838ff405cd]" "Bill Payment for Bill #1049 #3a1399b7-160a-4104-b5db-cb5d313d2517"
  Liabilities:CurrentLiabilities:AccountPayable 5.00 HKD
  contact: "852 96544060 (YHJEWELRYLIMITED) [6ff7ad8d-b4f9-4035-9036-23838ff405cd]"
  type: "Bill Payment"
  sourceId: "3a1399b7-160a-4104-b5db-cb5d313d2517"
  referenceNo: "1049"
  orderId: "377c38c9-6505-43b9-9641-098ebc00585e"
  Assets:CurrentAssets:Bank:BocSavingBank -5.00 HKD
  type: "Bill Payment"
  sourceId: "3a1399b7-160a-4104-b5db-cb5d313d2517"
  referenceNo: "1049"
  orderId: "377c38c9-6505-43b9-9641-098ebc00585e"
2024-07-26 * "852 25214131 (MetalorPreciousMetalsHongKongLimited) [15ad8699-ee98-44fa-a02a-90521ca3ff05]" "Bill Payment for Bill #1241 #ea2cea6c-6f17-4838-a25f-587f6072d589"
  Liabilities:CurrentLiabilities:AccountPayable 2402.81 USD
  contact: "852 25214131 (MetalorPreciousMetalsHongKongLimited) [15ad8699-ee98-44fa-a02a-90521ca3ff05]"
  type: "Bill Payment"
  sourceId: "ea2cea6c-6f17-4838-a25f-587f6072d589"
  referenceNo: "1241"
  orderId: "339360c7-190f-4bcc-b9b0-c12496a539ad"
  Assets:CurrentAssets:Bank:BocCurrentBank -2402.81 USD
  type: "Bill Payment"
  sourceId: "ea2cea6c-6f17-4838-a25f-587f6072d589"
  referenceNo: "1241"
  orderId: "339360c7-190f-4bcc-b9b0-c12496a539ad"
2024-07-26 * "Invoice #672 Stock Gold Jewellery 3.97g"
  Income:Sales:SalesItem:SellGoldJewelry -2400.00 HKD
  category: "Gold Jewelry"
  sku: "DDFF23051202000000000003"
  qty: 1
  referenceNo: "672"
  orderId: "0e4a9386-a6ac-46a5-bf8a-b9498a876dc8"
  type: "Invoice Item"
  sourceId: "774b42e7-8d61-4dd5-a2c4-d95bcf3311ca"
  Assets:CurrentAssets:AccountReceivable
  referenceNo: "672"
  orderId: "0e4a9386-a6ac-46a5-bf8a-b9498a876dc8"
  type: "Invoice"
  sourceId: "0e4a9386-a6ac-46a5-bf8a-b9498a876dc8"
  contact: "880 802 (Walkin) [42348712-7daa-4c29-93b7-756b472429a4]"
2024-07-26 * "Bill #1048 SETTING FOR 1.80CT BUBY Ref Bill#1045 R24132"
  referenceNo: "1048"
  orderId: "e5a255a7-43c6-461b-9676-8e360ce47563"
  type: "Bill"
  Expenses:CostOfSales:Purchase:PurchaseItem:BuyCost-ProcessingFee 400.00 HKD
  category: "Other"
  sku: "Processing 048"
  qty: 1
  referenceNo: "1048"
  orderId: "e5a255a7-43c6-461b-9676-8e360ce47563"
  type: "Bill Item"
  sourceId: "b2c0c9b8-70e4-485b-9850-f52dd7d46f2b"
  Liabilities:CurrentLiabilities:AccountPayable
  referenceNo: "1048"
  orderId: "e5a255a7-43c6-461b-9676-8e360ce47563"
  type: "Bill"
  sourceId: "e5a255a7-43c6-461b-9676-8e360ce47563"
  contact: "852 96221974 (強哥首飾加工師傅) [cef6a8eb-0892-4a7c-bfdc-328752af4fd5]"
2024-07-26 * "852 96221974 (強哥首飾加工師傅) [cef6a8eb-0892-4a7c-bfdc-328752af4fd5]" "Bill Payment for Bill #1048 #358bcf97-e202-4bbf-923e-b1d01b16721c"
  Liabilities:CurrentLiabilities:AccountPayable 400.00 HKD
  contact: "852 96221974 (強哥首飾加工師傅) [cef6a8eb-0892-4a7c-bfdc-328752af4fd5]"
  type: "Bill Payment"
  sourceId: "358bcf97-e202-4bbf-923e-b1d01b16721c"
  referenceNo: "1048"
  orderId: "e5a255a7-43c6-461b-9676-8e360ce47563"
  Assets:CurrentAssets:Cash:CashInHand -400.00 HKD
  type: "Bill Payment"
  sourceId: "358bcf97-e202-4bbf-923e-b1d01b16721c"
  referenceNo: "1048"
  orderId: "e5a255a7-43c6-461b-9676-8e360ce47563"
2024-07-26 * "Assets:CurrentAssets:Cash:CashInHand" "Invoice Payment for Invoice #672 #9207df8a-78b1-462c-a8ff-3ee818fa5f0e"
  Assets:CurrentAssets:Cash:CashInHand 2400.00 HKD
  type: "Invoice Payment"
  sourceId: "9207df8a-78b1-462c-a8ff-3ee818fa5f0e"
  referenceNo: "672"
  orderId: "0e4a9386-a6ac-46a5-bf8a-b9498a876dc8"
  Assets:CurrentAssets:AccountReceivable -2400.00 HKD
  type: "Invoice Payment"
  sourceId: "9207df8a-78b1-462c-a8ff-3ee818fa5f0e"
  referenceNo: "672"
  orderId: "0e4a9386-a6ac-46a5-bf8a-b9498a876dc8"
  contact: "880 802 (Walkin) [42348712-7daa-4c29-93b7-756b472429a4]"
2024-07-28 * "Invoice #449 ERIC CLIENT"
  Income:Sales:SalesItem:SellDiamond -4051.00 USD
  category: "Natural Diamond"
  sku: "DDFFFFFF0800002386559910"
  qty: 1
  referenceNo: "449"
  orderId: "9a76ed97-19a3-43a8-9c5b-6872ba677901"
  type: "Invoice Item"
  sourceId: "ee938d36-14f2-4a2b-8c49-6563a5f1ef67"
  Assets:CurrentAssets:AccountReceivable
  referenceNo: "449"
  orderId: "9a76ed97-19a3-43a8-9c5b-6872ba677901"
  type: "Invoice"
  sourceId: "9a76ed97-19a3-43a8-9c5b-6872ba677901"
  contact: "880 802 (Walkin) [42348712-7daa-4c29-93b7-756b472429a4]"
2024-07-29 * "Bill #1052 G17上網(2024-8月)"
  referenceNo: "1052"
  orderId: "3870332f-f4ba-476b-a7f3-883903d85844"
  type: "Bill"
  Expenses:GeneralExpense:TelephoneAndInternetAndAlarm 338.00 HKD
  qty: "1"
  description: "G17上網(2024-8月)"
  referenceNo: "1052"
  orderId: "3870332f-f4ba-476b-a7f3-883903d85844"
  type: "Bill Item"
  sourceId: "7fd91b11-3dec-4b5c-b5f1-1bac4fb18f9f"
  Liabilities:CurrentLiabilities:AccountPayable
  referenceNo: "1052"
  orderId: "3870332f-f4ba-476b-a7f3-883903d85844"
  type: "Bill"
  sourceId: "3870332f-f4ba-476b-a7f3-883903d85844"
  contact: "880 806 () [53b8789a-4451-4a1f-84f7-a9c5da7ada1a]"
2024-07-29 * "Bill #1082 AE Credit Card payment (24年07月)"
  referenceNo: "1082"
  orderId: "d747c800-712c-4dc2-8420-d2cc5fcb5e39"
  type: "Bill"
  Expenses:GeneralExpense:Subscriptions 2386.92 HKD
  qty: "1"
  description: "FACEBK *ECCWK7QZM2 14.7 "
  referenceNo: "1082"
  orderId: "d747c800-712c-4dc2-8420-d2cc5fcb5e39"
  type: "Bill Item"
  sourceId: "fcf1eecc-fabd-4216-9d78-e74b39c53407"
  Expenses:GeneralExpense:Subscriptions 1035.57 HKD
  qty: "1"
  description: "BT*SEMRUSH 8.7 (USD 129.95)"
  referenceNo: "1082"
  orderId: "d747c800-712c-4dc2-8420-d2cc5fcb5e39"
  type: "Bill Item"
  sourceId: "9a7dc302-8b6b-4e8d-8a6d-52ed9b8b883d"
  Expenses:GeneralExpense:Subscriptions 119.48 HKD
  qty: "1"
  description: "PICUPMEDIA/GEMLIGHTBOX 29.6 (USD 15)"
  referenceNo: "1082"
  orderId: "d747c800-712c-4dc2-8420-d2cc5fcb5e39"
  type: "Bill Item"
  sourceId: "8b3df582-a7a1-46c1-8186-7944477c334b"
  Expenses:GeneralExpense:Subscriptions 717.28 HKD
  qty: "1"
  description: "DUO.COM 2.7 ( USD 90)"
  referenceNo: "1082"
  orderId: "d747c800-712c-4dc2-8420-d2cc5fcb5e39"
  type: "Bill Item"
  sourceId: "a8ce1220-b229-45db-b485-56f1b50af78e"
  Liabilities:CurrentLiabilities:AccountPayable
  referenceNo: "1082"
  orderId: "d747c800-712c-4dc2-8420-d2cc5fcb5e39"
  type: "Bill"
  sourceId: "d747c800-712c-4dc2-8420-d2cc5fcb5e39"
  contact: "880 806 () [53b8789a-4451-4a1f-84f7-a9c5da7ada1a]"
2024-07-29 * "Bill #1050 ERIC~補貨/客訂"
  referenceNo: "1050"
  orderId: "1f098a64-1edd-46f9-a683-68f49323f2fa"
  type: "Bill"
  Expenses:CostOfSales:Purchase:PurchaseItem:Buy18kJewelry 1652.00 CNY
  category: "Jewelry"
  sku: "DD2024072900000004"
  qty: 1
  referenceNo: "1050"
  orderId: "1f098a64-1edd-46f9-a683-68f49323f2fa"
  type: "Bill Item"
  sourceId: "b940e16f-d207-4e5e-9200-79105474fe82"
  Expenses:CostOfSales:Purchase:PurchaseItem:Buy18kJewelry 1752.00 CNY
  category: "Jewelry"
  sku: "DD2024072900000003"
  qty: 1
  referenceNo: "1050"
  orderId: "1f098a64-1edd-46f9-a683-68f49323f2fa"
  type: "Bill Item"
  sourceId: "a29afd56-20ac-4850-8801-8c04851c730c"
  Expenses:CostOfSales:Purchase:PurchaseItem:Buy18kJewelry 1852.00 CNY
  category: "Jewelry"
  sku: "DD2024072900000001"
  qty: 1
  referenceNo: "1050"
  orderId: "1f098a64-1edd-46f9-a683-68f49323f2fa"
  type: "Bill Item"
  sourceId: "9c9f25c7-86b8-4ee2-8d6a-70101bd281b2"
  Expenses:CostOfSales:Purchase:PurchaseItem:Buy18kJewelry 1652.00 CNY
  category: "Jewelry"
  sku: "DD2024072900000002"
  qty: 1
  referenceNo: "1050"
  orderId: "1f098a64-1edd-46f9-a683-68f49323f2fa"
  type: "Bill Item"
  sourceId: "f05b7670-b308-40a0-a4ff-76db2d240882"
  Expenses:CostOfSales:Purchase:PurchaseItem:Buy18kJewelry 1652.00 CNY
  category: "Jewelry"
  sku: "DD2024072900000005"
  qty: 1
  referenceNo: "1050"
  orderId: "1f098a64-1edd-46f9-a683-68f49323f2fa"
  type: "Bill Item"
  sourceId: "a762e18c-fafc-45db-8c76-f9a1725028cd"
  Liabilities:CurrentLiabilities:AccountPayable
  referenceNo: "1050"
  orderId: "1f098a64-1edd-46f9-a683-68f49323f2fa"
  type: "Bill"
  sourceId: "1f098a64-1edd-46f9-a683-68f49323f2fa"
  contact: "86 97978678 (ERIC) [cb2cbf18-d8c3-40eb-a388-d7234ea70615]"
2024-07-29 * "Assets:CurrentAssets:Bank:BocSavingBank" "Invoice Payment for Invoice #663 #8d440b69-1e78-4dbd-89b2-cc1c24ed8d67"
  Assets:CurrentAssets:Bank:BocSavingBank 5800.00 HKD
  type: "Invoice Payment"
  sourceId: "8d440b69-1e78-4dbd-89b2-cc1c24ed8d67"
  referenceNo: "663"
  orderId: "58545ee6-8d6e-4f5f-a04f-1e4db0cda8c8"
  Assets:CurrentAssets:AccountReceivable -5800.00 HKD
  type: "Invoice Payment"
  sourceId: "8d440b69-1e78-4dbd-89b2-cc1c24ed8d67"
  referenceNo: "663"
  orderId: "58545ee6-8d6e-4f5f-a04f-1e4db0cda8c8"
  contact: "852 96226225 (MsRachelShum) [9e3c03a5-0bb1-461a-a26e-217527c82dc1]"
2024-07-29 * "880 806 () [53b8789a-4451-4a1f-84f7-a9c5da7ada1a]" "Bill Payment for Bill #1052 #cc712734-7c15-456f-8c2a-18a9f1d0d632"
  Liabilities:CurrentLiabilities:AccountPayable 338.00 HKD
  contact: "880 806 () [53b8789a-4451-4a1f-84f7-a9c5da7ada1a]"
  type: "Bill Payment"
  sourceId: "cc712734-7c15-456f-8c2a-18a9f1d0d632"
  referenceNo: "1052"
  orderId: "3870332f-f4ba-476b-a7f3-883903d85844"
  Liabilities:CurrentLiabilities:CurrentAccount:C-a-MilrichElectronicsHkCoLtd -338.00 HKD
  type: "Bill Payment"
  sourceId: "cc712734-7c15-456f-8c2a-18a9f1d0d632"
  referenceNo: "1052"
  orderId: "3870332f-f4ba-476b-a7f3-883903d85844"
2024-07-29 * "880 806 () [53b8789a-4451-4a1f-84f7-a9c5da7ada1a]" "Bill Payment for Bill #1082 #4be4053d-7793-46a9-b68c-28b3e07084c3"
  Liabilities:CurrentLiabilities:AccountPayable 4259.25 HKD
  contact: "880 806 () [53b8789a-4451-4a1f-84f7-a9c5da7ada1a]"
  type: "Bill Payment"
  sourceId: "4be4053d-7793-46a9-b68c-28b3e07084c3"
  referenceNo: "1082"
  orderId: "d747c800-712c-4dc2-8420-d2cc5fcb5e39"
  Assets:CurrentAssets:Bank:BocSavingBank -4259.25 HKD
  type: "Bill Payment"
  sourceId: "4be4053d-7793-46a9-b68c-28b3e07084c3"
  referenceNo: "1082"
  orderId: "d747c800-712c-4dc2-8420-d2cc5fcb5e39"
2024-07-29 * "Invoice #448 Stock Gold Jewellery 6.6g"
  Income:Sales:SalesItem:SellGoldJewelry -4000.00 HKD
  category: "Gold Jewelry"
  sku: "DDFF23051201000000000001"
  qty: 1
  referenceNo: "448"
  orderId: "969e5773-82a7-47d5-9f7d-052c03e3155c"
  type: "Invoice Item"
  sourceId: "a96be867-a7fa-482c-9bae-8ffbdbddf659"
  Assets:CurrentAssets:AccountReceivable
  referenceNo: "448"
  orderId: "969e5773-82a7-47d5-9f7d-052c03e3155c"
  type: "Invoice"
  sourceId: "969e5773-82a7-47d5-9f7d-052c03e3155c"
  contact: "880 802 (Walkin) [42348712-7daa-4c29-93b7-756b472429a4]"
2024-07-29 * "Assets:CurrentAssets:Cash:CashInHand" "Invoice Payment for Invoice #448 #698a3e61-d71d-4c95-9a14-105bb9a683ee"
  Assets:CurrentAssets:Cash:CashInHand 4000.00 HKD
  type: "Invoice Payment"
  sourceId: "698a3e61-d71d-4c95-9a14-105bb9a683ee"
  referenceNo: "448"
  orderId: "969e5773-82a7-47d5-9f7d-052c03e3155c"
  Assets:CurrentAssets:AccountReceivable -4000.00 HKD
  type: "Invoice Payment"
  sourceId: "698a3e61-d71d-4c95-9a14-105bb9a683ee"
  referenceNo: "448"
  orderId: "969e5773-82a7-47d5-9f7d-052c03e3155c"
  contact: "880 802 (Walkin) [42348712-7daa-4c29-93b7-756b472429a4]"
2024-07-29 * "Invoice #663 R24126 YG #15 N24135 RG"
  Income:Sales:SalesItem:Sell18kJewelry -2500.00 HKD
  category: "Jewelry"
  sku: "DD2024071800000007"
  qty: 1
  referenceNo: "663"
  orderId: "58545ee6-8d6e-4f5f-a04f-1e4db0cda8c8"
  type: "Invoice Item"
  sourceId: "508c19f0-9b41-4907-8438-905b6352ebe5"
  Income:Sales:SalesItem:Sell18kJewelry -3300.00 HKD
  category: "Jewelry"
  sku: "DD2024071600000004"
  qty: 1
  referenceNo: "663"
  orderId: "58545ee6-8d6e-4f5f-a04f-1e4db0cda8c8"
  type: "Invoice Item"
  sourceId: "48098277-6f8f-442f-96c7-c62609c2fae0"
  Assets:CurrentAssets:AccountReceivable
  referenceNo: "663"
  orderId: "58545ee6-8d6e-4f5f-a04f-1e4db0cda8c8"
  type: "Invoice"
  sourceId: "58545ee6-8d6e-4f5f-a04f-1e4db0cda8c8"
  contact: "852 96226225 (MsRachelShum) [9e3c03a5-0bb1-461a-a26e-217527c82dc1]"
2024-07-30 * "Bill #1081 SALARY 24年7月"
  referenceNo: "1081"
  orderId: "d86546e6-51e3-4115-a1c3-defaf9de1aa9"
  type: "Bill"
  Expenses:GeneralExpense:WagesAndSalaries 67450.00 HKD
  qty: "1"
  description: "SALARY 24年7月"
  referenceNo: "1081"
  orderId: "d86546e6-51e3-4115-a1c3-defaf9de1aa9"
  type: "Bill Item"
  sourceId: "c09428dd-2a0a-4f17-81a5-492748c7d2b7"
  Expenses:GeneralExpense:BankFeesExpense 2.10 HKD
  qty: "1"
  description: "SALARY 24年7月(BANK FEE)"
  referenceNo: "1081"
  orderId: "d86546e6-51e3-4115-a1c3-defaf9de1aa9"
  type: "Bill Item"
  sourceId: "3ef73f8f-29a5-4137-b5b1-0f0124d22ba3"
  Liabilities:CurrentLiabilities:AccountPayable
  referenceNo: "1081"
  orderId: "d86546e6-51e3-4115-a1c3-defaf9de1aa9"
  type: "Bill"
  sourceId: "d86546e6-51e3-4115-a1c3-defaf9de1aa9"
  contact: "880 806 () [53b8789a-4451-4a1f-84f7-a9c5da7ada1a]"
2024-07-30 * "880 806 () [53b8789a-4451-4a1f-84f7-a9c5da7ada1a]" "Bill Payment for Bill #1081 #72a0b908-8bc1-4f4a-a59e-3a8ed7233b33"
  Liabilities:CurrentLiabilities:AccountPayable 2.10 HKD
  contact: "880 806 () [53b8789a-4451-4a1f-84f7-a9c5da7ada1a]"
  type: "Bill Payment"
  sourceId: "72a0b908-8bc1-4f4a-a59e-3a8ed7233b33"
  referenceNo: "1081"
  orderId: "d86546e6-51e3-4115-a1c3-defaf9de1aa9"
  Assets:CurrentAssets:Bank:BocSavingBank -2.10 HKD
  type: "Bill Payment"
  sourceId: "72a0b908-8bc1-4f4a-a59e-3a8ed7233b33"
  referenceNo: "1081"
  orderId: "d86546e6-51e3-4115-a1c3-defaf9de1aa9"
2024-07-30 * "880 806 () [53b8789a-4451-4a1f-84f7-a9c5da7ada1a]" "Bill Payment for Bill #1081 #90586e55-b770-4def-aeac-24cbfd45fa77"
  Liabilities:CurrentLiabilities:AccountPayable 67450.00 HKD
  contact: "880 806 () [53b8789a-4451-4a1f-84f7-a9c5da7ada1a]"
  type: "Bill Payment"
  sourceId: "90586e55-b770-4def-aeac-24cbfd45fa77"
  referenceNo: "1081"
  orderId: "d86546e6-51e3-4115-a1c3-defaf9de1aa9"
  Assets:CurrentAssets:Bank:BocSavingBank -67450.00 HKD
  type: "Bill Payment"
  sourceId: "90586e55-b770-4def-aeac-24cbfd45fa77"
  referenceNo: "1081"
  orderId: "d86546e6-51e3-4115-a1c3-defaf9de1aa9"
2024-07-30 * "Invoice #649 R24125 WG #10 R24126 YG #13"
  Income:Sales:SalesItem:Sell18kJewelry -2400.00 HKD
  category: "Jewelry"
  sku: "DD2024072900000005"
  qty: 1
  referenceNo: "649"
  orderId: "38e8b53e-c9fb-4ea5-8ba0-9bbd05454552"
  type: "Invoice Item"
  sourceId: "81d58397-727d-487d-b2c5-9b2fb544f035"
  Income:Sales:SalesItem:Sell18kJewelry -2400.00 HKD
  category: "Jewelry"
  sku: "DD2024072100000001"
  qty: 1
  referenceNo: "649"
  orderId: "38e8b53e-c9fb-4ea5-8ba0-9bbd05454552"
  type: "Invoice Item"
  sourceId: "d92d9efd-dfc8-4016-be42-315d4407c8e6"
  Assets:CurrentAssets:AccountReceivable
  referenceNo: "649"
  orderId: "38e8b53e-c9fb-4ea5-8ba0-9bbd05454552"
  type: "Invoice"
  sourceId: "38e8b53e-c9fb-4ea5-8ba0-9bbd05454552"
  contact: "852 91497288 (MR.CHOSTEPHEN) [3a1d130e-2c48-4a04-8926-6974b094da58]"
2024-07-30 * "Invoice #453 R24131 RG #14"
  Income:Sales:SalesItem:Sell18kJewelry -2500.00 HKD
  category: "Jewelry"
  sku: "DD2024072900000002"
  qty: 1
  referenceNo: "453"
  orderId: "581f6b52-9915-4030-bcdb-fd08dceaa305"
  type: "Invoice Item"
  sourceId: "817d9911-e22c-41ff-9d1a-e5175e3c626c"
  Assets:CurrentAssets:AccountReceivable
  referenceNo: "453"
  orderId: "581f6b52-9915-4030-bcdb-fd08dceaa305"
  type: "Invoice"
  sourceId: "581f6b52-9915-4030-bcdb-fd08dceaa305"
  contact: "852 98481272 (CandyCheung) [fbb55864-a89e-4bc1-93f6-3234f203962f]"
2024-07-31 * "Invoice #622 Assist MW in hedging used Icmarket acc 2024-07"
  Income:OtherIncome:AssistHedging金 -281183.73 USDT
  description: "assist MW in hedging used Icmarket acc 2024.0701-0731"
  qty: 1
  referenceNo: "622"
  orderId: "6c261cf7-5d80-4168-811e-d81162fb29e1"
  type: "Invoice Item"
  sourceId: "7c09555e-5a66-41d4-bcac-afcf70555cb8"
  Assets:CurrentAssets:AccountReceivable
  referenceNo: "622"
  orderId: "6c261cf7-5d80-4168-811e-d81162fb29e1"
  type: "Invoice"
  sourceId: "6c261cf7-5d80-4168-811e-d81162fb29e1"
  contact: "852 62244422 (MilwaysGoldLtd萬寶黄金有限公司) [2dcfeea3-ab5e-40a3-a0af-00101f3873fa]"
2024-07-31 * "Invoice #461 Rebate From ICmarket 2024-07"
  Income:OtherIncome:RebateFromLp -552.93 USDT
  description: "Manual (Back office) 07-06至07-31"
  qty: 1
  referenceNo: "461"
  orderId: "c84cf0ed-3ba6-428f-9afd-1f16b3d6cf6f"
  type: "Invoice Item"
  sourceId: "c7df636d-934d-4cde-a9fc-df9eae3de416"
  Assets:CurrentAssets:AccountReceivable
  referenceNo: "461"
  orderId: "c84cf0ed-3ba6-428f-9afd-1f16b3d6cf6f"
  type: "Invoice"
  sourceId: "c84cf0ed-3ba6-428f-9afd-1f16b3d6cf6f"
  contact: "852 666666 (icmarket) [666112b8-2856-4ed8-8370-eb4b911be7b5]"
2024-07-31 * "Invoice #651 INTEREST"
  Income:OtherIncome:Interest-bank -292.36 HKD
  description: "INTEREST"
  qty: 1
  referenceNo: "651"
  orderId: "1d144c1f-57a8-4d6f-98ff-4798b29c5fb3"
  type: "Invoice Item"
  sourceId: "2a68ebb5-30ca-4139-963c-33e65ae761b7"
  Assets:CurrentAssets:AccountReceivable
  referenceNo: "651"
  orderId: "1d144c1f-57a8-4d6f-98ff-4798b29c5fb3"
  type: "Invoice"
  sourceId: "1d144c1f-57a8-4d6f-98ff-4798b29c5fb3"
  contact: "998 12345835 (boc(bankofchina)) [82f385a7-d238-4826-9a12-e06648f93cdb]"
2024-07-31 * "Bill #1207 Kpay 07/24 手續費"
  referenceNo: "1207"
  orderId: "b803ab94-5d98-421e-883b-230fc42a755d"
  type: "Bill"
  Expenses:GeneralExpense:CardFeeExpense 38.50 HKD
  qty: "1"
  description: "kpay136 (2500-2461.5=38.5)"
  referenceNo: "1207"
  orderId: "b803ab94-5d98-421e-883b-230fc42a755d"
  type: "Bill Item"
  sourceId: "2244a83b-146e-414a-9381-6298df832963"
  Expenses:GeneralExpense:CardFeeExpense 49.00 HKD
  qty: "1"
  description: "kpay142 (4000-3951=49)"
  referenceNo: "1207"
  orderId: "b803ab94-5d98-421e-883b-230fc42a755d"
  type: "Bill Item"
  sourceId: "204e8f63-7eec-4261-8eeb-19c09d2c1512"
  Expenses:GeneralExpense:CardFeeExpense 178.42 HKD
  qty: "1"
  description: "kpay143 (14160-13981.58=178.42)"
  referenceNo: "1207"
  orderId: "b803ab94-5d98-421e-883b-230fc42a755d"
  type: "Bill Item"
  sourceId: "2b8aa65c-a5bb-43be-9c14-95d48f0abe76"
  Expenses:GeneralExpense:CardFeeExpense 104.50 HKD
  qty: "1"
  description: "kpay138 (6900-6795.5=104.5)"
  referenceNo: "1207"
  orderId: "b803ab94-5d98-421e-883b-230fc42a755d"
  type: "Bill Item"
  sourceId: "c28bac5f-2f65-4643-9068-20f1f913b066"
  Expenses:GeneralExpense:CardFeeExpense 13.00 HKD
  qty: "1"
  description: "kpay141 (1000-987=13)"
  referenceNo: "1207"
  orderId: "b803ab94-5d98-421e-883b-230fc42a755d"
  type: "Bill Item"
  sourceId: "dbd4b4b9-e248-4387-9b73-ca3ba7dca908"
  Expenses:GeneralExpense:CardFeeExpense 807.55 HKD
  qty: "1"
  description: "kpay140 (53770-52962.45=807.55)"
  referenceNo: "1207"
  orderId: "b803ab94-5d98-421e-883b-230fc42a755d"
  type: "Bill Item"
  sourceId: "a7c86baf-eb1b-43d7-bd97-28d97c44d021"
  Expenses:GeneralExpense:CardFeeExpense 26.08 HKD
  qty: "1"
  description: "kpay139 (2090-2063.92=26.08)"
  referenceNo: "1207"
  orderId: "b803ab94-5d98-421e-883b-230fc42a755d"
  type: "Bill Item"
  sourceId: "40977a6b-bbe5-4758-b0fd-bc3563163713"
  Expenses:GeneralExpense:CardFeeExpense 29.20 HKD
  qty: "1"
  description: "kpay135 (1880-1850.8=29.2)"
  referenceNo: "1207"
  orderId: "b803ab94-5d98-421e-883b-230fc42a755d"
  type: "Bill Item"
  sourceId: "c2cb8c8b-ce3f-4cf5-8574-ef8cf7802ce0"
  Expenses:GeneralExpense:CardFeeExpense 35.68 HKD
  qty: "1"
  description: "kpay137 (2890-2854.32=35.68)"
  referenceNo: "1207"
  orderId: "b803ab94-5d98-421e-883b-230fc42a755d"
  type: "Bill Item"
  sourceId: "6b1d7623-cdfb-46d6-9f82-694ad6c9828b"
  Liabilities:CurrentLiabilities:AccountPayable
  referenceNo: "1207"
  orderId: "b803ab94-5d98-421e-883b-230fc42a755d"
  type: "Bill"
  sourceId: "b803ab94-5d98-421e-883b-230fc42a755d"
  contact: "998 12345821 (KPAY) [5a706f32-7edc-48d8-ae47-62fee1e8bba1]"
2024-07-31 * "Bill #1061 Cost of Hedging (金) 2024-7"
  referenceNo: "1061"
  orderId: "b084d960-a1ab-46a5-830f-471c85c1115b"
  type: "Bill"
  Expenses:OtherExpenses:CostOfHedging金 281183.73 USDT
  qty: "1"
  description: "Closed Trade P/L"
  referenceNo: "1061"
  orderId: "b084d960-a1ab-46a5-830f-471c85c1115b"
  type: "Bill Item"
  sourceId: "27193d21-378a-4eff-94af-7035bf5bdd11"
  Liabilities:CurrentLiabilities:AccountPayable
  referenceNo: "1061"
  orderId: "b084d960-a1ab-46a5-830f-471c85c1115b"
  type: "Bill"
  sourceId: "b084d960-a1ab-46a5-830f-471c85c1115b"
  contact: "852 666666 (icmarket) [666112b8-2856-4ed8-8370-eb4b911be7b5]"
2024-07-31 * "Assets:CurrentAssets:E-tradingPlatform:Mt4320039271金" "Invoice Payment for Invoice #461 #93500308-44a0-412a-9747-640ca3bea5a4"
  Assets:CurrentAssets:E-tradingPlatform:Mt4320039271金 552.93 USDT
  type: "Invoice Payment"
  sourceId: "93500308-44a0-412a-9747-640ca3bea5a4"
  referenceNo: "461"
  orderId: "c84cf0ed-3ba6-428f-9afd-1f16b3d6cf6f"
  Assets:CurrentAssets:AccountReceivable -552.93 USDT
  type: "Invoice Payment"
  sourceId: "93500308-44a0-412a-9747-640ca3bea5a4"
  referenceNo: "461"
  orderId: "c84cf0ed-3ba6-428f-9afd-1f16b3d6cf6f"
  contact: "852 666666 (icmarket) [666112b8-2856-4ed8-8370-eb4b911be7b5]"
2024-07-31 * "Assets:CurrentAssets:Wallet:DkkCWallet金料" "Invoice Payment for Invoice #622 #928c5515-af61-444b-bf01-c12642ee5d73"
  Assets:CurrentAssets:Wallet:DkkCWallet金料 281183.73 USDT
  type: "Invoice Payment"
  sourceId: "928c5515-af61-444b-bf01-c12642ee5d73"
  referenceNo: "622"
  orderId: "6c261cf7-5d80-4168-811e-d81162fb29e1"
  Assets:CurrentAssets:AccountReceivable -281183.73 USDT
  type: "Invoice Payment"
  sourceId: "928c5515-af61-444b-bf01-c12642ee5d73"
  referenceNo: "622"
  orderId: "6c261cf7-5d80-4168-811e-d81162fb29e1"
  contact: "852 62244422 (MilwaysGoldLtd萬寶黄金有限公司) [2dcfeea3-ab5e-40a3-a0af-00101f3873fa]"
2024-07-31 * "Assets:CurrentAssets:Bank:BocSavingBank" "Invoice Payment for Invoice #651 #e0674fa1-7ef3-40fc-a804-bf4284928f61"
  Assets:CurrentAssets:Bank:BocSavingBank 292.36 HKD
  type: "Invoice Payment"
  sourceId: "e0674fa1-7ef3-40fc-a804-bf4284928f61"
  referenceNo: "651"
  orderId: "1d144c1f-57a8-4d6f-98ff-4798b29c5fb3"
  Assets:CurrentAssets:AccountReceivable -292.36 HKD
  type: "Invoice Payment"
  sourceId: "e0674fa1-7ef3-40fc-a804-bf4284928f61"
  referenceNo: "651"
  orderId: "1d144c1f-57a8-4d6f-98ff-4798b29c5fb3"
  contact: "998 12345835 (boc(bankofchina)) [82f385a7-d238-4826-9a12-e06648f93cdb]"
2024-07-31 * "998 12345821 (KPAY) [5a706f32-7edc-48d8-ae47-62fee1e8bba1]" "Bill Payment for Bill #1207 #a7929fd5-8e4f-457c-a1c4-5fe01b7a9b78"
  Liabilities:CurrentLiabilities:AccountPayable 1281.93 HKD
  contact: "998 12345821 (KPAY) [5a706f32-7edc-48d8-ae47-62fee1e8bba1]"
  type: "Bill Payment"
  sourceId: "a7929fd5-8e4f-457c-a1c4-5fe01b7a9b78"
  referenceNo: "1207"
  orderId: "b803ab94-5d98-421e-883b-230fc42a755d"
  Assets:CurrentAssets:Bank:KpayBank -1281.93 HKD
  type: "Bill Payment"
  sourceId: "a7929fd5-8e4f-457c-a1c4-5fe01b7a9b78"
  referenceNo: "1207"
  orderId: "b803ab94-5d98-421e-883b-230fc42a755d"
2024-07-31 * "852 666666 (icmarket) [666112b8-2856-4ed8-8370-eb4b911be7b5]" "Bill Payment for Bill #1061 #cf93119d-6b5e-4691-ad8a-fa6eda78aefd"
  Liabilities:CurrentLiabilities:AccountPayable 281183.73 USDT
  contact: "852 666666 (icmarket) [666112b8-2856-4ed8-8370-eb4b911be7b5]"
  type: "Bill Payment"
  sourceId: "cf93119d-6b5e-4691-ad8a-fa6eda78aefd"
  referenceNo: "1061"
  orderId: "b084d960-a1ab-46a5-830f-471c85c1115b"
  Assets:CurrentAssets:E-tradingPlatform:Mt4320039271金 -281183.73 USDT
  type: "Bill Payment"
  sourceId: "cf93119d-6b5e-4691-ad8a-fa6eda78aefd"
  referenceNo: "1061"
  orderId: "b084d960-a1ab-46a5-830f-471c85c1115b"