; ORDER transactions for 2024-12

2024-12-03 * "998 12345740 (PRESSURE WORK DESIGN CONSULTANTS) [205398a5-a6c5-4a09-938a-7308f6334f41]" "Bill Payment for Bill #1197 #6094332a-953e-4c45-b587-eae63f8a26ea"
  contact: "998 12345740 (PRESSURE WORK DESIGN CONSULTANTS) [205398a5-a6c5-4a09-938a-7308f6334f41]"
  Liabilities:CurrentLiabilities:AccountPayable 2000 HKD
  type: "Bill Payment"
  sourceId: "6094332a-953e-4c45-b587-eae63f8a26ea"
  referenceNo: "1197"
  orderId: "d9c4fd9a-0ce4-4008-b208-dd576c2b2ee4"
  Assets:CurrentAssets:Cash:CashInHand -2000 HKD
  type: "Bill Payment"
  sourceId: "6094332a-953e-4c45-b587-eae63f8a26ea"
  referenceNo: "1197"
  orderId: "d9c4fd9a-0ce4-4008-b208-dd576c2b2ee4"
2024-12-03 * "Bill #1157 EMERALD DIAMOND--8PCS(1.20CT)"
  referenceNo: "1157"
  orderId: "2c1ff28b-a7bb-4e5d-8f85-1109775a2031"
  type: "Bill"
  Expenses:CostOfSales:Purchase:PurchaseItem:BuyDiamond 924 USD
  category: "Natural Diamond"
  sku: "DIA2402"
  qty: 1
  referenceNo: "1157"
  orderId: "2c1ff28b-a7bb-4e5d-8f85-1109775a2031"
  type: "Bill Item"
  sourceId: "4a93b73c-255f-457a-af4c-a1c9b67f725d"
  Liabilities:CurrentLiabilities:AccountPayable
  referenceNo: "1157"
  orderId: "2c1ff28b-a7bb-4e5d-8f85-1109775a2031"
  type: "Bill"
  sourceId: "2c1ff28b-a7bb-4e5d-8f85-1109775a2031"
  contact: "852 31651680 (BEAUTY GEMS LTD.) [4a09f8d7-5aae-4d59-99d2-be869e64dda3]"
2024-12-03 * "852 31651680 (BEAUTY GEMS LTD.) [4a09f8d7-5aae-4d59-99d2-be869e64dda3]" "Bill Payment for Bill #1157 #0d3d6673-f3ef-4140-89d5-11af8daebd31"
  contact: "852 31651680 (BEAUTY GEMS LTD.) [4a09f8d7-5aae-4d59-99d2-be869e64dda3]"
  Liabilities:CurrentLiabilities:AccountPayable 900 USD
  type: "Bill Payment"
  sourceId: "0d3d6673-f3ef-4140-89d5-11af8daebd31"
  referenceNo: "1157"
  orderId: "2c1ff28b-a7bb-4e5d-8f85-1109775a2031"
  Assets:CurrentAssets:Cash:CashInHand -900 USD
  type: "Bill Payment"
  sourceId: "0d3d6673-f3ef-4140-89d5-11af8daebd31"
  referenceNo: "1157"
  orderId: "2c1ff28b-a7bb-4e5d-8f85-1109775a2031"
2024-12-03 * "852 31651680 (BEAUTY GEMS LTD.) [4a09f8d7-5aae-4d59-99d2-be869e64dda3]" "Bill Payment for Bill #1157 #19018d2f-9e07-467c-bbea-d8ebc8851bb3"
  contact: "852 31651680 (BEAUTY GEMS LTD.) [4a09f8d7-5aae-4d59-99d2-be869e64dda3]"
  Liabilities:CurrentLiabilities:AccountPayable 24 USD
  type: "Bill Payment"
  sourceId: "19018d2f-9e07-467c-bbea-d8ebc8851bb3"
  referenceNo: "1157"
  orderId: "2c1ff28b-a7bb-4e5d-8f85-1109775a2031"
  Assets:CurrentAssets:Cash:CashInHand -24 USD
  type: "Bill Payment"
  sourceId: "19018d2f-9e07-467c-bbea-d8ebc8851bb3"
  referenceNo: "1157"
  orderId: "2c1ff28b-a7bb-4e5d-8f85-1109775a2031"
2024-12-03 * "Bill #1158 戒指改size 刻字 代配圓鑽"
  referenceNo: "1158"
  orderId: "6ed147ca-eb8d-444f-b8a9-e00f5c4f6b6e"
  type: "Bill"
  Expenses:CostOfSales:Purchase:PurchaseItem:BuyBespoke 2000 HKD
  qty: "1"
  description: "戒指改size 刻字 代配圓鑽"
  referenceNo: "1158"
  orderId: "6ed147ca-eb8d-444f-b8a9-e00f5c4f6b6e"
  type: "Bill Item"
  sourceId: "c4186bee-4d29-4bde-a280-6420f322813e"
  Liabilities:CurrentLiabilities:AccountPayable
  referenceNo: "1158"
  orderId: "6ed147ca-eb8d-444f-b8a9-e00f5c4f6b6e"
  type: "Bill"
  sourceId: "6ed147ca-eb8d-444f-b8a9-e00f5c4f6b6e"
  contact: "998 12345740 (PRESSURE WORK DESIGN CONSULTANTS) [205398a5-a6c5-4a09-938a-7308f6334f41]"
2024-12-03 * "998 12345740 (PRESSURE WORK DESIGN CONSULTANTS) [205398a5-a6c5-4a09-938a-7308f6334f41]" "Bill Payment for Bill #1158 #ccd6a62b-6d21-4d0c-9d15-2d2cbfba23f6"
  contact: "998 12345740 (PRESSURE WORK DESIGN CONSULTANTS) [205398a5-a6c5-4a09-938a-7308f6334f41]"
  Liabilities:CurrentLiabilities:AccountPayable 2000 HKD
  type: "Bill Payment"
  sourceId: "ccd6a62b-6d21-4d0c-9d15-2d2cbfba23f6"
  referenceNo: "1158"
  orderId: "6ed147ca-eb8d-444f-b8a9-e00f5c4f6b6e"
  Assets:CurrentAssets:Cash:CashInHand -2000 HKD
  type: "Bill Payment"
  sourceId: "ccd6a62b-6d21-4d0c-9d15-2d2cbfba23f6"
  referenceNo: "1158"
  orderId: "6ed147ca-eb8d-444f-b8a9-e00f5c4f6b6e"
2024-12-03 * "Invoice #574 Bespoke 18K Ring Setting #13.5"
  Income:Sales:SalesItem:Sell-ForProcess交外廠加工 -2500 HKD
  category: "Jewelry"
  sku: "DDBESPOKE00000006"
  qty: 1
  referenceNo: "574"
  orderId: "e94d1aae-ba83-4095-b733-281309d64fee"
  type: "Invoice Item"
  sourceId: "2c97640b-2b0c-479e-91ea-b5580e4d22c3"
  Assets:CurrentAssets:AccountReceivable
  referenceNo: "574"
  orderId: "e94d1aae-ba83-4095-b733-281309d64fee"
  type: "Invoice"
  sourceId: "e94d1aae-ba83-4095-b733-281309d64fee"
  contact: "852 98688818 (jacky chan) [bc00ba1e-6025-4211-bc55-3651dd739a79]"
2024-12-03 * "Assets:CurrentAssets:Bank:KpayBank" "Invoice Payment for Invoice #574 #c297b04f-0a97-4020-9afb-f7976bcf6240"
  Assets:CurrentAssets:Bank:KpayBank 2500 HKD
  type: "Invoice Payment"
  sourceId: "c297b04f-0a97-4020-9afb-f7976bcf6240"
  referenceNo: "574"
  orderId: "e94d1aae-ba83-4095-b733-281309d64fee"
  Assets:CurrentAssets:AccountReceivable -2500 HKD
  type: "Invoice Payment"
  sourceId: "c297b04f-0a97-4020-9afb-f7976bcf6240"
  referenceNo: "574"
  orderId: "e94d1aae-ba83-4095-b733-281309d64fee"
  contact: "852 98688818 (jacky chan) [bc00ba1e-6025-4211-bc55-3651dd739a79]"
2024-12-05 * "Bill #1159 ERIC~補貨/客訂"
  referenceNo: "1159"
  orderId: "20b640af-c9bb-45ae-8874-36a42bf3c1ae"
  type: "Bill"
  Expenses:CostOfSales:Purchase:PurchaseItem:Buy18kJewelry 1845 CNY
  category: "Jewelry"
  sku: "DD2024120500000002"
  qty: 1
  referenceNo: "1159"
  orderId: "20b640af-c9bb-45ae-8874-36a42bf3c1ae"
  type: "Bill Item"
  sourceId: "8ecae061-2033-4279-af73-96201c191c02"
  Expenses:CostOfSales:Purchase:PurchaseItem:Buy18kJewelry 1845 CNY
  category: "Jewelry"
  sku: "DD2024120500000003"
  qty: 1
  referenceNo: "1159"
  orderId: "20b640af-c9bb-45ae-8874-36a42bf3c1ae"
  type: "Bill Item"
  sourceId: "b7c4f404-c1c2-4fac-9a03-933aa060f971"
  Expenses:CostOfSales:Purchase:PurchaseItem:Buy18kJewelry 2715 CNY
  category: "Jewelry"
  sku: "DD2024120500000006"
  qty: 1
  referenceNo: "1159"
  orderId: "20b640af-c9bb-45ae-8874-36a42bf3c1ae"
  type: "Bill Item"
  sourceId: "0c93b538-0a0b-46f6-9282-b7dc5bedf1eb"
  Expenses:CostOfSales:Purchase:PurchaseItem:Buy18kJewelry 1945 CNY
  category: "Jewelry"
  sku: "DD2024120500000001"
  qty: 1
  referenceNo: "1159"
  orderId: "20b640af-c9bb-45ae-8874-36a42bf3c1ae"
  type: "Bill Item"
  sourceId: "b5a6fb64-cfbf-4ca6-9444-01c1671a7e58"
  Expenses:CostOfSales:Purchase:PurchaseItem:Buy18kJewelry 1652 CNY
  category: "Jewelry"
  sku: "DD2024120500000005"
  qty: 1
  referenceNo: "1159"
  orderId: "20b640af-c9bb-45ae-8874-36a42bf3c1ae"
  type: "Bill Item"
  sourceId: "92c5790a-6aeb-4f24-a031-80e73af74fca"
  Liabilities:CurrentLiabilities:AccountPayable
  referenceNo: "1159"
  orderId: "20b640af-c9bb-45ae-8874-36a42bf3c1ae"
  type: "Bill"
  sourceId: "20b640af-c9bb-45ae-8874-36a42bf3c1ae"
  contact: "86 97978678 (ERIC) [cb2cbf18-d8c3-40eb-a388-d7234ea70615]"
2024-12-07 * "Liabilities:CurrentLiabilities:CurrentAccount:C-a-DirectorDavidKwan" "Invoice Payment for Invoice #577 #66ab6302-e8e2-4b7b-bccb-3d27d1abcde6"
  Liabilities:CurrentLiabilities:CurrentAccount:C-a-DirectorDavidKwan 5251.83 HKD
  type: "Invoice Payment"
  sourceId: "66ab6302-e8e2-4b7b-bccb-3d27d1abcde6"
  referenceNo: "577"
  orderId: "00d7e243-38e5-4715-9905-93d06fe4caf3"
  Assets:CurrentAssets:AccountReceivable -5251.83 HKD
  type: "Invoice Payment"
  sourceId: "66ab6302-e8e2-4b7b-bccb-3d27d1abcde6"
  referenceNo: "577"
  orderId: "00d7e243-38e5-4715-9905-93d06fe4caf3"
  contact: "852 93236931 (Shirley Fung) [a623e460-7a17-4838-a741-0d4a3855aa15]"
2024-12-07 * "Assets:CurrentAssets:Cash:CashInHand" "Invoice Payment for Invoice #683 #525caeff-c5d0-4115-b47c-b06d5b46667f"
  Assets:CurrentAssets:Cash:CashInHand 2500 HKD
  type: "Invoice Payment"
  sourceId: "525caeff-c5d0-4115-b47c-b06d5b46667f"
  referenceNo: "683"
  orderId: "c2fb1cc3-075b-4755-9c29-5f1f535ba594"
  Assets:CurrentAssets:AccountReceivable -2500 HKD
  type: "Invoice Payment"
  sourceId: "525caeff-c5d0-4115-b47c-b06d5b46667f"
  referenceNo: "683"
  orderId: "c2fb1cc3-075b-4755-9c29-5f1f535ba594"
  contact: "852 94088246 (Jeffery Lai) [3b53a0a8-bbd8-4a05-b82b-a7b1be3630ee]"
2024-12-07 * "Invoice #575 Bespoke 紅寶十字架頸鏈"
  Income:Sales:SalesItem:Sell18kJewelry -4800 HKD
  category: "Jewelry"
  sku: "DD2024122300000001"
  qty: 1
  referenceNo: "575"
  orderId: "1af26307-5297-42fe-aed5-30bc6533d3ec"
  type: "Invoice Item"
  sourceId: "667d18eb-7399-4bd0-9694-68c69149fe83"
  Income:Sales:SalesItem:Sell18kJewelry -1200 HKD
  category: "Jewelry"
  sku: "DD2024121200000001"
  qty: 1
  referenceNo: "575"
  orderId: "1af26307-5297-42fe-aed5-30bc6533d3ec"
  type: "Invoice Item"
  sourceId: "36d2c590-18f0-4990-ba65-65566e41dc9c"
  Assets:CurrentAssets:AccountReceivable
  referenceNo: "575"
  orderId: "1af26307-5297-42fe-aed5-30bc6533d3ec"
  type: "Invoice"
  sourceId: "1af26307-5297-42fe-aed5-30bc6533d3ec"
  contact: "852 66716608 (No Name) [d94a74a4-6962-4476-b3bb-8859ef65f714]"
2024-12-07 * "Assets:CurrentAssets:Bank:BocSavingBank" "Invoice Payment for Invoice #575 #956c837d-0404-44d4-8046-754cbbad0fa8"
  Assets:CurrentAssets:Bank:BocSavingBank 3000 HKD
  type: "Invoice Payment"
  sourceId: "956c837d-0404-44d4-8046-754cbbad0fa8"
  referenceNo: "575"
  orderId: "1af26307-5297-42fe-aed5-30bc6533d3ec"
  Assets:CurrentAssets:AccountReceivable -3000 HKD
  type: "Invoice Payment"
  sourceId: "956c837d-0404-44d4-8046-754cbbad0fa8"
  referenceNo: "575"
  orderId: "1af26307-5297-42fe-aed5-30bc6533d3ec"
  contact: "852 66716608 (No Name) [d94a74a4-6962-4476-b3bb-8859ef65f714]"
2024-12-07 * "Invoice #576 R24125"
  Income:Sales:SalesItem:Sell18kJewelry -2500 HKD
  category: "Jewelry"
  sku: "DD2024072900000004"
  qty: 1
  referenceNo: "576"
  orderId: "2fcb960c-ad81-41ac-a2ad-c1edad8a9986"
  type: "Invoice Item"
  sourceId: "be911545-ee7c-4fca-9679-d87cc140d447"
  Assets:CurrentAssets:AccountReceivable
  referenceNo: "576"
  orderId: "2fcb960c-ad81-41ac-a2ad-c1edad8a9986"
  type: "Invoice"
  sourceId: "2fcb960c-ad81-41ac-a2ad-c1edad8a9986"
  contact: "852 95207701 () [f4477a6f-56f6-4843-b3ee-50b8ac46226b]"
2024-12-07 * "Assets:CurrentAssets:Bank:KpayBank" "Invoice Payment for Invoice #576 #b57e972e-4da4-4ca8-9957-042d3ce8ecc8"
  Assets:CurrentAssets:Bank:KpayBank 2500 HKD
  type: "Invoice Payment"
  sourceId: "b57e972e-4da4-4ca8-9957-042d3ce8ecc8"
  referenceNo: "576"
  orderId: "2fcb960c-ad81-41ac-a2ad-c1edad8a9986"
  Assets:CurrentAssets:AccountReceivable -2500 HKD
  type: "Invoice Payment"
  sourceId: "b57e972e-4da4-4ca8-9957-042d3ce8ecc8"
  referenceNo: "576"
  orderId: "2fcb960c-ad81-41ac-a2ad-c1edad8a9986"
  contact: "852 95207701 () [f4477a6f-56f6-4843-b3ee-50b8ac46226b]"
2024-12-07 * "Invoice #577 (Shirley Fung)"
  Income:Sales:SalesItem:SellGoldJewelry -1431 HKD
  category: "Gold Jewelry"
  sku: "DDFF23051203000000000008"
  qty: 1
  referenceNo: "577"
  orderId: "00d7e243-38e5-4715-9905-93d06fe4caf3"
  type: "Invoice Item"
  sourceId: "af03c1c6-c452-474a-90fc-c3e6a0ebd599"
  Income:Sales:SalesItem:SellGoldJewelry -2548.33 HKD
  category: "Gold Jewelry"
  sku: "DDFF23051706000000000002"
  qty: 1
  referenceNo: "577"
  orderId: "00d7e243-38e5-4715-9905-93d06fe4caf3"
  type: "Invoice Item"
  sourceId: "f87a4c7f-495b-4ff6-b897-d4bd3b8db748"
  Income:Sales:SalesItem:SellGoldJewelry -1272.5 HKD
  category: "Gold Jewelry"
  sku: "DD2310200000000000000206"
  qty: 1
  referenceNo: "577"
  orderId: "00d7e243-38e5-4715-9905-93d06fe4caf3"
  type: "Invoice Item"
  sourceId: "e66576e3-3d7a-42cd-94c4-5819202ca703"
  Assets:CurrentAssets:AccountReceivable
  referenceNo: "577"
  orderId: "00d7e243-38e5-4715-9905-93d06fe4caf3"
  type: "Invoice"
  sourceId: "00d7e243-38e5-4715-9905-93d06fe4caf3"
  contact: "852 93236931 (Shirley Fung) [a623e460-7a17-4838-a741-0d4a3855aa15]"
2024-12-08 * "Bill #1160 ERIC~補貨/客訂"
  referenceNo: "1160"
  orderId: "6227bc9e-e341-4b23-a81b-d4fa9ca680aa"
  type: "Bill"
  Expenses:CostOfSales:Purchase:PurchaseItem:Buy18kJewelry 1845 CNY
  category: "Jewelry"
  sku: "DD2024120500000004"
  qty: 1
  referenceNo: "1160"
  orderId: "6227bc9e-e341-4b23-a81b-d4fa9ca680aa"
  type: "Bill Item"
  sourceId: "552e3c40-534d-4298-8548-08519a6f37a2"
  Liabilities:CurrentLiabilities:AccountPayable
  referenceNo: "1160"
  orderId: "6227bc9e-e341-4b23-a81b-d4fa9ca680aa"
  type: "Bill"
  sourceId: "6227bc9e-e341-4b23-a81b-d4fa9ca680aa"
  contact: "86 97978678 (ERIC) [cb2cbf18-d8c3-40eb-a388-d7234ea70615]"
2024-12-09 * "Invoice #578 R24131"
  Income:Sales:SalesItem:Sell18kJewelry -2500 HKD
  category: "Jewelry"
  sku: "DD2024112600000001"
  qty: 1
  referenceNo: "578"
  orderId: "d2f830c5-cde2-407b-8d48-f741d97d6386"
  type: "Invoice Item"
  sourceId: "1e66be3a-c6ea-4a96-9e55-54e954a9a96b"
  Assets:CurrentAssets:AccountReceivable
  referenceNo: "578"
  orderId: "d2f830c5-cde2-407b-8d48-f741d97d6386"
  type: "Invoice"
  sourceId: "d2f830c5-cde2-407b-8d48-f741d97d6386"
  contact: "852 56654324 () [1aa53c07-31e6-40b6-afee-8c1f60d4ca9f]"
2024-12-09 * "Assets:CurrentAssets:Bank:KpayBank" "Invoice Payment for Invoice #578 #03345f2b-0383-47aa-8156-0b53c6d122d2"
  Assets:CurrentAssets:Bank:KpayBank 2500 HKD
  type: "Invoice Payment"
  sourceId: "03345f2b-0383-47aa-8156-0b53c6d122d2"
  referenceNo: "578"
  orderId: "d2f830c5-cde2-407b-8d48-f741d97d6386"
  Assets:CurrentAssets:AccountReceivable -2500 HKD
  type: "Invoice Payment"
  sourceId: "03345f2b-0383-47aa-8156-0b53c6d122d2"
  referenceNo: "578"
  orderId: "d2f830c5-cde2-407b-8d48-f741d97d6386"
  contact: "852 56654324 () [1aa53c07-31e6-40b6-afee-8c1f60d4ca9f]"
2024-12-10 * "Invoice #579 Stock R24131"
  Income:Sales:SalesItem:Sell18kJewelry -2900 HKD
  category: "Jewelry"
  sku: "DD2024111600000004"
  qty: 1
  referenceNo: "579"
  orderId: "c9bba8e8-99ee-4705-ae4f-58e113a039b2"
  type: "Invoice Item"
  sourceId: "f38446cd-2118-4622-955f-41f4b8c3abde"
  Assets:CurrentAssets:AccountReceivable
  referenceNo: "579"
  orderId: "c9bba8e8-99ee-4705-ae4f-58e113a039b2"
  type: "Invoice"
  sourceId: "c9bba8e8-99ee-4705-ae4f-58e113a039b2"
  contact: "852 90489863 () [b1330765-c667-4372-9cd2-d1031d205bbb]"
2024-12-10 * "Assets:CurrentAssets:Bank:KpayBank" "Invoice Payment for Invoice #579 #43ae2e48-a19b-4d0b-a281-a5c9b0e12f6a"
  Assets:CurrentAssets:Bank:KpayBank 2500 HKD
  type: "Invoice Payment"
  sourceId: "43ae2e48-a19b-4d0b-a281-a5c9b0e12f6a"
  referenceNo: "579"
  orderId: "c9bba8e8-99ee-4705-ae4f-58e113a039b2"
  Assets:CurrentAssets:AccountReceivable -2500 HKD
  type: "Invoice Payment"
  sourceId: "43ae2e48-a19b-4d0b-a281-a5c9b0e12f6a"
  referenceNo: "579"
  orderId: "c9bba8e8-99ee-4705-ae4f-58e113a039b2"
  contact: "852 90489863 () [b1330765-c667-4372-9cd2-d1031d205bbb]"
2024-12-10 * "Assets:CurrentAssets:Cash:CashInHand" "Invoice Payment for Invoice #579 #8c801ddb-7125-4454-89f1-bf2f1a80506a"
  Assets:CurrentAssets:Cash:CashInHand 400 HKD
  type: "Invoice Payment"
  sourceId: "8c801ddb-7125-4454-89f1-bf2f1a80506a"
  referenceNo: "579"
  orderId: "c9bba8e8-99ee-4705-ae4f-58e113a039b2"
  Assets:CurrentAssets:AccountReceivable -400 HKD
  type: "Invoice Payment"
  sourceId: "8c801ddb-7125-4454-89f1-bf2f1a80506a"
  referenceNo: "579"
  orderId: "c9bba8e8-99ee-4705-ae4f-58e113a039b2"
  contact: "852 90489863 () [b1330765-c667-4372-9cd2-d1031d205bbb]"
2024-12-11 * "Bill #1173 深圳市嘉寧珏珠寶股份有限公司"
  referenceNo: "1173"
  orderId: "aa2589b2-671a-418d-a716-a1f2ded37521"
  type: "Bill"
  Expenses:CostOfSales:Purchase:PurchaseItem:Buy18kJewelry 1062 HKD
  category: "Jewelry"
  sku: "DD2024121200000001"
  qty: 1
  referenceNo: "1173"
  orderId: "aa2589b2-671a-418d-a716-a1f2ded37521"
  type: "Bill Item"
  sourceId: "03ac6dd9-af41-4414-ae26-8d2ac899646e"
  Expenses:CostOfSales:Purchase:PurchaseItem:Buy18kJewelry 1062 HKD
  category: "Jewelry"
  sku: "DD2024121200000002"
  qty: 1
  referenceNo: "1173"
  orderId: "aa2589b2-671a-418d-a716-a1f2ded37521"
  type: "Bill Item"
  sourceId: "3d7ccb70-bae2-4492-b84d-411efe88fc52"
  Liabilities:CurrentLiabilities:AccountPayable
  referenceNo: "1173"
  orderId: "aa2589b2-671a-418d-a716-a1f2ded37521"
  type: "Bill"
  sourceId: "aa2589b2-671a-418d-a716-a1f2ded37521"
  contact: "86 13502891558 () [0855f826-2f3a-4788-bfb1-5f09653c1ad0]"
2024-12-11 * "86 13502891558 () [0855f826-2f3a-4788-bfb1-5f09653c1ad0]" "Bill Payment for Bill #1173 #08e4f4f3-5914-452c-8f9a-362b6ebead51"
  contact: "86 13502891558 () [0855f826-2f3a-4788-bfb1-5f09653c1ad0]"
  Liabilities:CurrentLiabilities:AccountPayable 2124 HKD
  type: "Bill Payment"
  sourceId: "08e4f4f3-5914-452c-8f9a-362b6ebead51"
  referenceNo: "1173"
  orderId: "aa2589b2-671a-418d-a716-a1f2ded37521"
  Assets:CurrentAssets:Cash:CashInHand -2124 HKD
  type: "Bill Payment"
  sourceId: "08e4f4f3-5914-452c-8f9a-362b6ebead51"
  referenceNo: "1173"
  orderId: "aa2589b2-671a-418d-a716-a1f2ded37521"
2024-12-11 * "Invoice #586 Bank 回贈"
  Income:OtherIncome:Interest-bank -100 HKD
  description: "Bank 回贈"
  qty: 1
  referenceNo: "586"
  orderId: "9bf2c49b-70fd-4b51-96be-bcd9e2a9c364"
  type: "Invoice Item"
  sourceId: "f401a070-89e2-4065-9ccf-555f2294be87"
  Assets:CurrentAssets:AccountReceivable
  referenceNo: "586"
  orderId: "9bf2c49b-70fd-4b51-96be-bcd9e2a9c364"
  type: "Invoice"
  sourceId: "9bf2c49b-70fd-4b51-96be-bcd9e2a9c364"
  contact: "880 806 () [53b8789a-4451-4a1f-84f7-a9c5da7ada1a]"
2024-12-11 * "Invoice #584 Order R24131 RG #19"
  Income:Sales:SalesItem:Sell18kJewelry -2900 HKD
  category: "Jewelry"
  sku: "DD2024123100000005"
  qty: 1
  referenceNo: "584"
  orderId: "7fe078a5-1165-4e5b-b801-76b87f4fffcc"
  type: "Invoice Item"
  sourceId: "b25d317e-2364-4e4e-91c2-c3c3f39c5aca"
  Assets:CurrentAssets:AccountReceivable
  referenceNo: "584"
  orderId: "7fe078a5-1165-4e5b-b801-76b87f4fffcc"
  type: "Invoice"
  sourceId: "7fe078a5-1165-4e5b-b801-76b87f4fffcc"
  contact: "852 90101217 () [9e4d8cd6-50ba-4520-880a-c6fdce1eb597]"
2024-12-11 * "Assets:CurrentAssets:Bank:BocSavingBank" "Invoice Payment for Invoice #584 #48c1adfd-f2fb-4a09-bd63-15e665f859c2"
  Assets:CurrentAssets:Bank:BocSavingBank 2900 HKD
  type: "Invoice Payment"
  sourceId: "48c1adfd-f2fb-4a09-bd63-15e665f859c2"
  referenceNo: "584"
  orderId: "7fe078a5-1165-4e5b-b801-76b87f4fffcc"
  Assets:CurrentAssets:AccountReceivable -2900 HKD
  type: "Invoice Payment"
  sourceId: "48c1adfd-f2fb-4a09-bd63-15e665f859c2"
  referenceNo: "584"
  orderId: "7fe078a5-1165-4e5b-b801-76b87f4fffcc"
  contact: "852 90101217 () [9e4d8cd6-50ba-4520-880a-c6fdce1eb597]"
2024-12-12 * "Assets:CurrentAssets:Bank:BocSavingBank" "Invoice Payment for Invoice #586 #572c6247-e5d4-4410-85fa-220a669c5324"
  Assets:CurrentAssets:Bank:BocSavingBank 100 HKD
  type: "Invoice Payment"
  sourceId: "572c6247-e5d4-4410-85fa-220a669c5324"
  referenceNo: "586"
  orderId: "9bf2c49b-70fd-4b51-96be-bcd9e2a9c364"
  Assets:CurrentAssets:AccountReceivable -100 HKD
  type: "Invoice Payment"
  sourceId: "572c6247-e5d4-4410-85fa-220a669c5324"
  referenceNo: "586"
  orderId: "9bf2c49b-70fd-4b51-96be-bcd9e2a9c364"
  contact: "880 806 () [53b8789a-4451-4a1f-84f7-a9c5da7ada1a]"
2024-12-12 * "Invoice #682 R24131"
  Income:Sales:SalesItem:Sell18kJewelry -2700 HKD
  category: "Jewelry"
  sku: "DD2024112900000001"
  qty: 1
  referenceNo: "682"
  orderId: "93a7e8b4-16d3-4446-961c-23bc5271ecde"
  type: "Invoice Item"
  sourceId: "d2bdeefc-28f0-4ff4-90cb-fa899b6f20e1"
  Assets:CurrentAssets:AccountReceivable
  referenceNo: "682"
  orderId: "93a7e8b4-16d3-4446-961c-23bc5271ecde"
  type: "Invoice"
  sourceId: "93a7e8b4-16d3-4446-961c-23bc5271ecde"
  contact: "852 60203169 () [a7626bf4-d08f-40be-aa5c-465c383556a3]"
2024-12-12 * "Assets:CurrentAssets:Bank:BocSavingBank" "Invoice Payment for Invoice #682 #1c85fa9f-36d4-4c30-ae49-b3f09c65f53f"
  Assets:CurrentAssets:Bank:BocSavingBank 2700 HKD
  type: "Invoice Payment"
  sourceId: "1c85fa9f-36d4-4c30-ae49-b3f09c65f53f"
  referenceNo: "682"
  orderId: "93a7e8b4-16d3-4446-961c-23bc5271ecde"
  Assets:CurrentAssets:AccountReceivable -2700 HKD
  type: "Invoice Payment"
  sourceId: "1c85fa9f-36d4-4c30-ae49-b3f09c65f53f"
  referenceNo: "682"
  orderId: "93a7e8b4-16d3-4446-961c-23bc5271ecde"
  contact: "852 60203169 () [a7626bf4-d08f-40be-aa5c-465c383556a3]"
2024-12-12 * "Bill #1174 ERIC~補貨/客訂"
  referenceNo: "1174"
  orderId: "ca3eef1d-292d-424a-9b9e-02ff3ceaa055"
  type: "Bill"
  Expenses:CostOfSales:Purchase:PurchaseItem:Buy18kJewelry 382 CNY
  category: "Jewelry"
  sku: "DDBESPOKE00000007"
  qty: 1
  referenceNo: "1174"
  orderId: "ca3eef1d-292d-424a-9b9e-02ff3ceaa055"
  type: "Bill Item"
  sourceId: "1ba9c90f-f49b-4423-8f77-a7e054b3488f"
  Liabilities:CurrentLiabilities:AccountPayable
  referenceNo: "1174"
  orderId: "ca3eef1d-292d-424a-9b9e-02ff3ceaa055"
  type: "Bill"
  sourceId: "ca3eef1d-292d-424a-9b9e-02ff3ceaa055"
  contact: "86 97978678 (ERIC) [cb2cbf18-d8c3-40eb-a388-d7234ea70615]"
2024-12-12 * "Invoice #587 Staff~ 基哥"
  Income:Sales:SalesItem:Sell-ForProcess交外廠加工 -500 HKD
  category: "Jewelry"
  sku: "DDBESPOKE00000007"
  qty: 1
  referenceNo: "587"
  orderId: "efa96256-01c2-4bbe-be40-3cbfe67f07e9"
  type: "Invoice Item"
  sourceId: "9b6f5fbf-cbab-4992-921c-b6c31c0f092c"
  Income:Sales:SalesItem:SellGems -1350 HKD
  category: "Gem"
  sku: "SAP2430"
  qty: 1
  referenceNo: "587"
  orderId: "efa96256-01c2-4bbe-be40-3cbfe67f07e9"
  type: "Invoice Item"
  sourceId: "a39af500-ebff-4c31-bed8-7ba27292d83e"
  Assets:CurrentAssets:AccountReceivable
  referenceNo: "587"
  orderId: "efa96256-01c2-4bbe-be40-3cbfe67f07e9"
  type: "Invoice"
  sourceId: "efa96256-01c2-4bbe-be40-3cbfe67f07e9"
  contact: "880 802 (Walk in) [42348712-7daa-4c29-93b7-756b472429a4]"
2024-12-12 * "Assets:CurrentAssets:Cash:CashInHand" "Invoice Payment for Invoice #587 #f43b6698-3d81-480a-81aa-ed0ad2ffa8ca"
  Assets:CurrentAssets:Cash:CashInHand 1850 HKD
  type: "Invoice Payment"
  sourceId: "f43b6698-3d81-480a-81aa-ed0ad2ffa8ca"
  referenceNo: "587"
  orderId: "efa96256-01c2-4bbe-be40-3cbfe67f07e9"
  Assets:CurrentAssets:AccountReceivable -1850 HKD
  type: "Invoice Payment"
  sourceId: "f43b6698-3d81-480a-81aa-ed0ad2ffa8ca"
  referenceNo: "587"
  orderId: "efa96256-01c2-4bbe-be40-3cbfe67f07e9"
  contact: "880 802 (Walk in) [42348712-7daa-4c29-93b7-756b472429a4]"
2024-12-12 * "Invoice #588 Order R24125 #12 / Stock N24134"
  Income:Sales:SalesItem:Sell18kJewelry -3380 HKD
  category: "Jewelry"
  sku: "DD2024101300000001"
  qty: 1
  referenceNo: "588"
  orderId: "921404d8-3ace-456c-bc24-af8dd59ff006"
  type: "Invoice Item"
  sourceId: "6e8133f0-6dca-461f-82d1-c332b707746c"
  Income:Sales:SalesItem:Sell18kJewelry -2500 HKD
  category: "Jewelry"
  sku: "DD2024123100000008"
  qty: 1
  referenceNo: "588"
  orderId: "921404d8-3ace-456c-bc24-af8dd59ff006"
  type: "Invoice Item"
  sourceId: "fe47ba54-ad54-46c5-9709-7b35d6c57a8e"
  Assets:CurrentAssets:AccountReceivable
  referenceNo: "588"
  orderId: "921404d8-3ace-456c-bc24-af8dd59ff006"
  type: "Invoice"
  sourceId: "921404d8-3ace-456c-bc24-af8dd59ff006"
  contact: "852 63341773 () [7c1146d9-6865-4948-9f21-76eb5cf32298]"
2024-12-12 * "Assets:CurrentAssets:Bank:KpayBank" "Invoice Payment for Invoice #588 #d1afd253-ed5b-4e67-84b7-25af70454398"
  Assets:CurrentAssets:Bank:KpayBank 5880 HKD
  type: "Invoice Payment"
  sourceId: "d1afd253-ed5b-4e67-84b7-25af70454398"
  referenceNo: "588"
  orderId: "921404d8-3ace-456c-bc24-af8dd59ff006"
  Assets:CurrentAssets:AccountReceivable -5880 HKD
  type: "Invoice Payment"
  sourceId: "d1afd253-ed5b-4e67-84b7-25af70454398"
  referenceNo: "588"
  orderId: "921404d8-3ace-456c-bc24-af8dd59ff006"
  contact: "852 63341773 () [7c1146d9-6865-4948-9f21-76eb5cf32298]"
2024-12-13 * "Invoice #589 Bespoke 18K Ring Setting #22 #10 GIA G SI 0.3CT 0.32CT"
  Income:Sales:SalesItem:SellGems -0 HKD
  category: "Gem"
  sku: "SAP2416"
  qty: 1
  referenceNo: "589"
  orderId: "3d95ea05-0cf7-4f26-9b52-bd994e476565"
  type: "Invoice Item"
  sourceId: "8b5f0226-70cc-4d0f-8d4e-3fdde8f5757c"
  Income:Sales:SalesItem:SellDiamond -2400 HKD
  category: "Natural Diamond"
  sku: "DIA2404"
  qty: 1
  referenceNo: "589"
  orderId: "3d95ea05-0cf7-4f26-9b52-bd994e476565"
  type: "Invoice Item"
  sourceId: "c83d8f2c-ad19-45da-8c52-1b770c3084d1"
  Income:Sales:SalesItem:SellBespokeorotherFee -8800 HKD
  category: "Jewelry"
  sku: "DDBESPOKE00000013"
  qty: 1
  referenceNo: "589"
  orderId: "3d95ea05-0cf7-4f26-9b52-bd994e476565"
  type: "Invoice Item"
  sourceId: "8b62c999-cf69-4b6a-b7fe-c8fdb1ddb08a"
  Income:Sales:SalesItem:SellDiamond -2400 HKD
  category: "Natural Diamond"
  sku: "DIA2403"
  qty: 1
  referenceNo: "589"
  orderId: "3d95ea05-0cf7-4f26-9b52-bd994e476565"
  type: "Invoice Item"
  sourceId: "20f225ae-2ac2-4f6b-9f69-9ad752003848"
  Income:Sales:SalesItem:SellBespokeorotherFee -5700 HKD
  category: "Jewelry"
  sku: "DDBESPOKE00000012"
  qty: 1
  referenceNo: "589"
  orderId: "3d95ea05-0cf7-4f26-9b52-bd994e476565"
  type: "Invoice Item"
  sourceId: "b32e34c0-102b-4163-ac86-a057412dc001"
  Assets:CurrentAssets:AccountReceivable
  referenceNo: "589"
  orderId: "3d95ea05-0cf7-4f26-9b52-bd994e476565"
  type: "Invoice"
  sourceId: "3d95ea05-0cf7-4f26-9b52-bd994e476565"
  contact: "852 91497288 (MR. CHO STEPHEN) [3a1d130e-2c48-4a04-8926-6974b094da58]"
2024-12-13 * "Assets:CurrentAssets:Bank:BocSavingBank" "Invoice Payment for Invoice #589 #12287a14-e7ab-496c-96a0-f230648f054f"
  Assets:CurrentAssets:Bank:BocSavingBank 19300 HKD
  type: "Invoice Payment"
  sourceId: "12287a14-e7ab-496c-96a0-f230648f054f"
  referenceNo: "589"
  orderId: "3d95ea05-0cf7-4f26-9b52-bd994e476565"
  Assets:CurrentAssets:AccountReceivable -19300 HKD
  type: "Invoice Payment"
  sourceId: "12287a14-e7ab-496c-96a0-f230648f054f"
  referenceNo: "589"
  orderId: "3d95ea05-0cf7-4f26-9b52-bd994e476565"
  contact: "852 91497288 (MR. CHO STEPHEN) [3a1d130e-2c48-4a04-8926-6974b094da58]"
2024-12-13 * "Bill #1184 DIA2403/DIA2404"
  referenceNo: "1184"
  orderId: "b3590762-e6d6-4cc4-b979-3e5bd4896994"
  type: "Bill"
  Expenses:CostOfSales:Purchase:PurchaseItem:BuyDiamond 270 USD
  category: "Natural Diamond"
  sku: "DIA2403"
  qty: 1
  referenceNo: "1184"
  orderId: "b3590762-e6d6-4cc4-b979-3e5bd4896994"
  type: "Bill Item"
  sourceId: "3b3969cd-0e01-4453-a552-a315fe1953c0"
  Expenses:CostOfSales:Purchase:PurchaseItem:BuyDiamond 270 USD
  category: "Natural Diamond"
  sku: "DIA2404"
  qty: 1
  referenceNo: "1184"
  orderId: "b3590762-e6d6-4cc4-b979-3e5bd4896994"
  type: "Bill Item"
  sourceId: "35959942-0d80-4b39-92df-e165625c6463"
  Liabilities:CurrentLiabilities:AccountPayable
  referenceNo: "1184"
  orderId: "b3590762-e6d6-4cc4-b979-3e5bd4896994"
  type: "Bill"
  sourceId: "b3590762-e6d6-4cc4-b979-3e5bd4896994"
  contact: "852 94146156 (TVESA JEWELLERY) [8cc7c062-c5f9-4f33-a646-61a8bb519ca9]"
2024-12-13 * "Invoice #590 Bespoke PT Ring #26"
  Income:Sales:SalesItem:Sell18kJewelry -3200 HKD
  category: "Jewelry"
  sku: "BESPOKE00000009"
  qty: 1
  referenceNo: "590"
  orderId: "1e976eb3-3b1b-4d90-9267-bedf58fd36da"
  type: "Invoice Item"
  sourceId: "38c374b7-3227-4a49-b1a6-e25d7cf9a9ce"
  Assets:CurrentAssets:AccountReceivable
  referenceNo: "590"
  orderId: "1e976eb3-3b1b-4d90-9267-bedf58fd36da"
  type: "Invoice"
  sourceId: "1e976eb3-3b1b-4d90-9267-bedf58fd36da"
  contact: "852 63821125 (MR. ALI) [98403b53-2297-4bd6-a8be-ce845b3e44d7]"
2024-12-13 * "852 94146156 (TVESA JEWELLERY) [8cc7c062-c5f9-4f33-a646-61a8bb519ca9]" "Bill Payment for Bill #1184 #db697232-0419-4223-9327-dfaeb7206f4b"
  contact: "852 94146156 (TVESA JEWELLERY) [8cc7c062-c5f9-4f33-a646-61a8bb519ca9]"
  Liabilities:CurrentLiabilities:AccountPayable 540 USD
  type: "Bill Payment"
  sourceId: "db697232-0419-4223-9327-dfaeb7206f4b"
  referenceNo: "1184"
  orderId: "b3590762-e6d6-4cc4-b979-3e5bd4896994"
  Assets:CurrentAssets:Cash:CashInHand -540 USD
  type: "Bill Payment"
  sourceId: "db697232-0419-4223-9327-dfaeb7206f4b"
  referenceNo: "1184"
  orderId: "b3590762-e6d6-4cc4-b979-3e5bd4896994"
2024-12-13 * "Assets:CurrentAssets:Cash:CashInHand" "Invoice Payment for Invoice #590 #da876ecd-bc0a-46da-80e4-abdbbbb4123f"
  Assets:CurrentAssets:Cash:CashInHand 3200 HKD
  type: "Invoice Payment"
  sourceId: "da876ecd-bc0a-46da-80e4-abdbbbb4123f"
  referenceNo: "590"
  orderId: "1e976eb3-3b1b-4d90-9267-bedf58fd36da"
  Assets:CurrentAssets:AccountReceivable -3200 HKD
  type: "Invoice Payment"
  sourceId: "da876ecd-bc0a-46da-80e4-abdbbbb4123f"
  referenceNo: "590"
  orderId: "1e976eb3-3b1b-4d90-9267-bedf58fd36da"
  contact: "852 63821125 (MR. ALI) [98403b53-2297-4bd6-a8be-ce845b3e44d7]"
2024-12-14 * "Invoice #591 Staff~ Bertha"
  Income:Sales:SalesItem:SellGems -1100 HKD
  category: "Gem"
  sku: "SAP2433"
  qty: 1
  referenceNo: "591"
  orderId: "c6e3e39d-98f2-46d1-bacd-3e449ad10b22"
  type: "Invoice Item"
  sourceId: "14934257-c46a-4a1a-a62a-beb16e744285"
  Assets:CurrentAssets:AccountReceivable
  referenceNo: "591"
  orderId: "c6e3e39d-98f2-46d1-bacd-3e449ad10b22"
  type: "Invoice"
  sourceId: "c6e3e39d-98f2-46d1-bacd-3e449ad10b22"
  contact: "852 84832520 () [60bd4e4f-a3ed-470c-9ba2-e44c6eb7d8ad]"
2024-12-14 * "Assets:CurrentAssets:Cash:CashInHand" "Invoice Payment for Invoice #591 #5f85370f-4d83-44f6-b110-c2cd53288b3b"
  Assets:CurrentAssets:Cash:CashInHand 1100 HKD
  type: "Invoice Payment"
  sourceId: "5f85370f-4d83-44f6-b110-c2cd53288b3b"
  referenceNo: "591"
  orderId: "c6e3e39d-98f2-46d1-bacd-3e449ad10b22"
  Assets:CurrentAssets:AccountReceivable -1100 HKD
  type: "Invoice Payment"
  sourceId: "5f85370f-4d83-44f6-b110-c2cd53288b3b"
  referenceNo: "591"
  orderId: "c6e3e39d-98f2-46d1-bacd-3e449ad10b22"
  contact: "852 84832520 () [60bd4e4f-a3ed-470c-9ba2-e44c6eb7d8ad]"
2024-12-16 * "Liabilities:CurrentLiabilities:CurrentAccount:C-a-DirectorDavidKwan" "Invoice Payment for Invoice #592 #a65cc044-8a9d-435d-9cec-70c7a88e8dc8"
  Liabilities:CurrentLiabilities:CurrentAccount:C-a-DirectorDavidKwan 7057 HKD
  type: "Invoice Payment"
  sourceId: "a65cc044-8a9d-435d-9cec-70c7a88e8dc8"
  referenceNo: "592"
  orderId: "fb22a772-95d2-4e4e-a8c0-e7d2009e4fcd"
  Assets:CurrentAssets:AccountReceivable -7057 HKD
  type: "Invoice Payment"
  sourceId: "a65cc044-8a9d-435d-9cec-70c7a88e8dc8"
  referenceNo: "592"
  orderId: "fb22a772-95d2-4e4e-a8c0-e7d2009e4fcd"
  contact: "852 93236931 (Shirley Fung) [a623e460-7a17-4838-a741-0d4a3855aa15]"
2024-12-16 * "Invoice #592 STAFF"
  Income:Sales:SalesItem:Sell18kJewelry -1080 HKD
  category: "Jewelry"
  sku: "DDFFFFFF0700000000000014"
  qty: 1
  referenceNo: "592"
  orderId: "fb22a772-95d2-4e4e-a8c0-e7d2009e4fcd"
  type: "Invoice Item"
  sourceId: "c0b958a8-8820-4b79-8403-00955a77bf73"
  Income:Sales:SalesItem:Sell18kJewelry -2942 HKD
  category: "Jewelry"
  sku: "DDFFFFFF0200000000000002"
  qty: 1
  referenceNo: "592"
  orderId: "fb22a772-95d2-4e4e-a8c0-e7d2009e4fcd"
  type: "Invoice Item"
  sourceId: "1d499009-1fab-4d21-bf90-b125155c30c1"
  Income:Sales:SalesItem:Sell18kJewelry -1080 HKD
  category: "Jewelry"
  sku: "DDFFFFFF0700000000000008"
  qty: 1
  referenceNo: "592"
  orderId: "fb22a772-95d2-4e4e-a8c0-e7d2009e4fcd"
  type: "Invoice Item"
  sourceId: "bf23b367-2641-4605-b62a-5eb609b989e7"
  Income:Sales:SalesItem:Sell18kJewelry -1955 HKD
  category: "Jewelry"
  sku: "DDFFFFFF0200000000000020"
  qty: 1
  referenceNo: "592"
  orderId: "fb22a772-95d2-4e4e-a8c0-e7d2009e4fcd"
  type: "Invoice Item"
  sourceId: "1fdfb0a2-1cef-4bb6-9d5e-f331d2d69dad"
  Assets:CurrentAssets:AccountReceivable
  referenceNo: "592"
  orderId: "fb22a772-95d2-4e4e-a8c0-e7d2009e4fcd"
  type: "Invoice"
  sourceId: "fb22a772-95d2-4e4e-a8c0-e7d2009e4fcd"
  contact: "852 93236931 (Shirley Fung) [a623e460-7a17-4838-a741-0d4a3855aa15]"
2024-12-18 * "Invoice #593 R24131 WG #11.5"
  Income:Sales:SalesItem:Sell18kJewelry -2500 HKD
  category: "Jewelry"
  sku: "DD2024123100000003"
  qty: 1
  referenceNo: "593"
  orderId: "84844548-820d-4649-bb81-33a2acc52475"
  type: "Invoice Item"
  sourceId: "bc8b8ee9-8f52-4af0-851a-23793bd05d1e"
  Assets:CurrentAssets:AccountReceivable
  referenceNo: "593"
  orderId: "84844548-820d-4649-bb81-33a2acc52475"
  type: "Invoice"
  sourceId: "84844548-820d-4649-bb81-33a2acc52475"
  contact: "852 60150388 () [61c469b8-1b78-4807-a0bc-8f8aeba163b6]"
2024-12-18 * "Assets:CurrentAssets:Bank:KpayBank" "Invoice Payment for Invoice #593 #ca0e8011-8fdf-45ec-a3c6-e0516961f453"
  Assets:CurrentAssets:Bank:KpayBank 2500 HKD
  type: "Invoice Payment"
  sourceId: "ca0e8011-8fdf-45ec-a3c6-e0516961f453"
  referenceNo: "593"
  orderId: "84844548-820d-4649-bb81-33a2acc52475"
  Assets:CurrentAssets:AccountReceivable -2500 HKD
  type: "Invoice Payment"
  sourceId: "ca0e8011-8fdf-45ec-a3c6-e0516961f453"
  referenceNo: "593"
  orderId: "84844548-820d-4649-bb81-33a2acc52475"
  contact: "852 60150388 () [61c469b8-1b78-4807-a0bc-8f8aeba163b6]"
2024-12-19 * "Bill #1216 G17 1月2025 租金"
  referenceNo: "1216"
  orderId: "dba5ae36-b499-4054-b203-ad3937e7904a"
  type: "Bill"
  Expenses:Rent 48000 HKD
  qty: "1"
  description: " G17 1月2025 租金"
  referenceNo: "1216"
  orderId: "dba5ae36-b499-4054-b203-ad3937e7904a"
  type: "Bill Item"
  sourceId: "a38b8815-fc85-4dcd-95cf-8d787a1693e9"
  Liabilities:CurrentLiabilities:AccountPayable
  referenceNo: "1216"
  orderId: "dba5ae36-b499-4054-b203-ad3937e7904a"
  type: "Bill"
  sourceId: "dba5ae36-b499-4054-b203-ad3937e7904a"
  contact: "880 806 () [53b8789a-4451-4a1f-84f7-a9c5da7ada1a]"
2024-12-19 * "Bill #1219 美泰樂 11月2024 Statement"
  referenceNo: "1219"
  orderId: "8469bb02-6858-4dd7-a889-a02cf23d3f3c"
  type: "Bill"
  Expenses:RefiningExpense金 2628.48 USD
  qty: "1"
  description: "美泰樂 11月2024 Statement"
  referenceNo: "1219"
  orderId: "8469bb02-6858-4dd7-a889-a02cf23d3f3c"
  type: "Bill Item"
  sourceId: "eba8abb2-2be0-41a8-8320-1d365274d4be"
  Liabilities:CurrentLiabilities:AccountPayable
  referenceNo: "1219"
  orderId: "8469bb02-6858-4dd7-a889-a02cf23d3f3c"
  type: "Bill"
  sourceId: "8469bb02-6858-4dd7-a889-a02cf23d3f3c"
  contact: "852 25214131 (Metalor Precious Metals Hong Kong Limited) [15ad8699-ee98-44fa-a02a-90521ca3ff05]"
2024-12-19 * "Bill #1202 G17電費(2024-11月)"
  referenceNo: "1202"
  orderId: "48d9c5bc-4ecc-4eb1-b585-1567763105f3"
  type: "Bill"
  Expenses:GeneralExpense:ElectricityLightHeating 2042 HKD
  qty: "1"
  description: "G17電費(2024-11月)"
  referenceNo: "1202"
  orderId: "48d9c5bc-4ecc-4eb1-b585-1567763105f3"
  type: "Bill Item"
  sourceId: "5b1da5ec-de52-4a66-af43-0e32bec92356"
  Liabilities:CurrentLiabilities:AccountPayable
  referenceNo: "1202"
  orderId: "48d9c5bc-4ecc-4eb1-b585-1567763105f3"
  type: "Bill"
  sourceId: "48d9c5bc-4ecc-4eb1-b585-1567763105f3"
  contact: "880 806 () [53b8789a-4451-4a1f-84f7-a9c5da7ada1a]"
2024-12-19 * "880 806 () [53b8789a-4451-4a1f-84f7-a9c5da7ada1a]" "Bill Payment for Bill #1202 #f1c429ac-ed93-439d-8366-7668c49e613c"
  contact: "880 806 () [53b8789a-4451-4a1f-84f7-a9c5da7ada1a]"
  Liabilities:CurrentLiabilities:AccountPayable 2042 HKD
  type: "Bill Payment"
  sourceId: "f1c429ac-ed93-439d-8366-7668c49e613c"
  referenceNo: "1202"
  orderId: "48d9c5bc-4ecc-4eb1-b585-1567763105f3"
  Liabilities:CurrentLiabilities:CurrentAccount:C-a-MilrichElectronicsHkCoLtd -2042 HKD
  type: "Bill Payment"
  sourceId: "f1c429ac-ed93-439d-8366-7668c49e613c"
  referenceNo: "1202"
  orderId: "48d9c5bc-4ecc-4eb1-b585-1567763105f3"
2024-12-19 * "880 806 () [53b8789a-4451-4a1f-84f7-a9c5da7ada1a]" "Bill Payment for Bill #1216 #3ba84e7f-e089-4e04-95c3-76e69647c8ad"
  contact: "880 806 () [53b8789a-4451-4a1f-84f7-a9c5da7ada1a]"
  Liabilities:CurrentLiabilities:AccountPayable 48000 HKD
  type: "Bill Payment"
  sourceId: "3ba84e7f-e089-4e04-95c3-76e69647c8ad"
  referenceNo: "1216"
  orderId: "dba5ae36-b499-4054-b203-ad3937e7904a"
  Assets:CurrentAssets:Bank:BocCurrentBank -48000 HKD
  type: "Bill Payment"
  sourceId: "3ba84e7f-e089-4e04-95c3-76e69647c8ad"
  referenceNo: "1216"
  orderId: "dba5ae36-b499-4054-b203-ad3937e7904a"
2024-12-19 * "852 25214131 (Metalor Precious Metals Hong Kong Limited) [15ad8699-ee98-44fa-a02a-90521ca3ff05]" "Bill Payment for Bill #1219 #eecbf436-e43a-48ba-98ac-0590c0312d98"
  contact: "852 25214131 (Metalor Precious Metals Hong Kong Limited) [15ad8699-ee98-44fa-a02a-90521ca3ff05]"
  Liabilities:CurrentLiabilities:AccountPayable 2628.48 USD
  type: "Bill Payment"
  sourceId: "eecbf436-e43a-48ba-98ac-0590c0312d98"
  referenceNo: "1219"
  orderId: "8469bb02-6858-4dd7-a889-a02cf23d3f3c"
  Assets:CurrentAssets:Bank:BocCurrentBank -2628.48 USD
  type: "Bill Payment"
  sourceId: "eecbf436-e43a-48ba-98ac-0590c0312d98"
  referenceNo: "1219"
  orderId: "8469bb02-6858-4dd7-a889-a02cf23d3f3c"
2024-12-20 * "Bill #1185 BESPOKE RING SETTING 18K WIHTE GOLD#10 #22"
  referenceNo: "1185"
  orderId: "9a0fdf37-5812-46e2-8d0d-ccbf97678666"
  type: "Bill"
  Expenses:CostOfSales:Purchase:PurchaseItem:BuyBespoke 7800 HKD
  category: "Jewelry"
  sku: "DDBESPOKE00000013"
  qty: 1
  referenceNo: "1185"
  orderId: "9a0fdf37-5812-46e2-8d0d-ccbf97678666"
  type: "Bill Item"
  sourceId: "ee29be8b-e67b-4629-b0b2-3bfd6a636164"
  Expenses:CostOfSales:Purchase:PurchaseItem:BuyBespoke 4800 HKD
  category: "Jewelry"
  sku: "DDBESPOKE00000012"
  qty: 1
  referenceNo: "1185"
  orderId: "9a0fdf37-5812-46e2-8d0d-ccbf97678666"
  type: "Bill Item"
  sourceId: "0436bcae-e8b7-4e7a-8ebc-34c78ce846cc"
  Liabilities:CurrentLiabilities:AccountPayable
  referenceNo: "1185"
  orderId: "9a0fdf37-5812-46e2-8d0d-ccbf97678666"
  type: "Bill"
  sourceId: "9a0fdf37-5812-46e2-8d0d-ccbf97678666"
  contact: "998 12345815 (利達    K.F. WORKSHOP) [c5a8a090-379c-45bb-abfd-2a3d30e7e419]"
2024-12-21 * "998 12345815 (利達    K.F. WORKSHOP) [c5a8a090-379c-45bb-abfd-2a3d30e7e419]" "Bill Payment for Bill #1185 #0e45d904-e70e-4947-9c59-cea5319aaac8"
  contact: "998 12345815 (利達    K.F. WORKSHOP) [c5a8a090-379c-45bb-abfd-2a3d30e7e419]"
  Liabilities:CurrentLiabilities:AccountPayable 12600 HKD
  type: "Bill Payment"
  sourceId: "0e45d904-e70e-4947-9c59-cea5319aaac8"
  referenceNo: "1185"
  orderId: "9a0fdf37-5812-46e2-8d0d-ccbf97678666"
  Assets:CurrentAssets:Cash:CashInHand -12600 HKD
  type: "Bill Payment"
  sourceId: "0e45d904-e70e-4947-9c59-cea5319aaac8"
  referenceNo: "1185"
  orderId: "9a0fdf37-5812-46e2-8d0d-ccbf97678666"
2024-12-21 * "Invoice #596 R24131 RG #12"
  Income:Sales:SalesItem:Sell18kJewelry -2500 HKD
  category: "Jewelry"
  sku: "DD2024120500000002"
  qty: 1
  referenceNo: "596"
  orderId: "00d18020-ec4a-4ed5-857f-4924039541a2"
  type: "Invoice Item"
  sourceId: "b1e348fb-9072-4d91-8ad4-cbebd41b2440"
  Assets:CurrentAssets:AccountReceivable
  referenceNo: "596"
  orderId: "00d18020-ec4a-4ed5-857f-4924039541a2"
  type: "Invoice"
  sourceId: "00d18020-ec4a-4ed5-857f-4924039541a2"
  contact: "852 68466124 () [aae12931-0585-485c-971a-9ee296e0fb7f]"
2024-12-21 * "Assets:CurrentAssets:Cash:CashInHand" "Invoice Payment for Invoice #596 #2e5882d8-5bc7-4996-bb4a-51006f2e5668"
  Assets:CurrentAssets:Cash:CashInHand 2500 HKD
  type: "Invoice Payment"
  sourceId: "2e5882d8-5bc7-4996-bb4a-51006f2e5668"
  referenceNo: "596"
  orderId: "00d18020-ec4a-4ed5-857f-4924039541a2"
  Assets:CurrentAssets:AccountReceivable -2500 HKD
  type: "Invoice Payment"
  sourceId: "2e5882d8-5bc7-4996-bb4a-51006f2e5668"
  referenceNo: "596"
  orderId: "00d18020-ec4a-4ed5-857f-4924039541a2"
  contact: "852 68466124 () [aae12931-0585-485c-971a-9ee296e0fb7f]"
2024-12-21 * "Invoice #603 Bespoke Ring Setting / GIA #3425330979 1CT D SI2"
  Income:Sales:SalesItem:Sell18kJewelry -3800 HKD
  category: "Ring Setting"
  sku: "DDFF2307050B000000000163"
  qty: 1
  referenceNo: "603"
  orderId: "6e54821b-8ea8-4594-b86a-0b3fe2c76653"
  type: "Invoice Item"
  sourceId: "a7ca5e91-3d8e-41f7-bf62-66d0f47ad41a"
  Income:Sales:SalesItem:SellDiamond -33000 HKD
  category: "Natural Diamond"
  sku: "DDFFFFFF0800003425330979"
  qty: 1
  referenceNo: "603"
  orderId: "6e54821b-8ea8-4594-b86a-0b3fe2c76653"
  type: "Invoice Item"
  sourceId: "5590e4d3-bd0e-4044-ad17-ed801460b93b"
  Assets:CurrentAssets:AccountReceivable
  referenceNo: "603"
  orderId: "6e54821b-8ea8-4594-b86a-0b3fe2c76653"
  type: "Invoice"
  sourceId: "6e54821b-8ea8-4594-b86a-0b3fe2c76653"
  contact: "852 63709351 () [cd0cce7c-3e3e-4a78-9a5c-c7a229f2cda3]"
2024-12-21 * "Assets:CurrentAssets:Bank:BocSavingBank" "Invoice Payment for Invoice #603 #1a474c03-8e55-4faa-a90f-6ece27956d0b"
  Assets:CurrentAssets:Bank:BocSavingBank 16800 HKD
  type: "Invoice Payment"
  sourceId: "1a474c03-8e55-4faa-a90f-6ece27956d0b"
  referenceNo: "603"
  orderId: "6e54821b-8ea8-4594-b86a-0b3fe2c76653"
  Assets:CurrentAssets:AccountReceivable -16800 HKD
  type: "Invoice Payment"
  sourceId: "1a474c03-8e55-4faa-a90f-6ece27956d0b"
  referenceNo: "603"
  orderId: "6e54821b-8ea8-4594-b86a-0b3fe2c76653"
  contact: "852 63709351 () [cd0cce7c-3e3e-4a78-9a5c-c7a229f2cda3]"
2024-12-22 * "Liabilities:CurrentLiabilities:CurrentAccount:C-a-DirectorDavidKwan" "Invoice Payment for Invoice #605 #be30f688-ac4b-4f63-93c1-82288cb445ac"
  Liabilities:CurrentLiabilities:CurrentAccount:C-a-DirectorDavidKwan 2483 HKD
  type: "Invoice Payment"
  sourceId: "be30f688-ac4b-4f63-93c1-82288cb445ac"
  referenceNo: "605"
  orderId: "2019c46f-34d9-4179-ac70-333307b3fb48"
  Assets:CurrentAssets:AccountReceivable -2483 HKD
  type: "Invoice Payment"
  sourceId: "be30f688-ac4b-4f63-93c1-82288cb445ac"
  referenceNo: "605"
  orderId: "2019c46f-34d9-4179-ac70-333307b3fb48"
  contact: "852 93236931 (Shirley Fung) [a623e460-7a17-4838-a741-0d4a3855aa15]"
2024-12-22 * "Invoice #605 (Shirley Fung)"
  Income:Sales:SalesItem:Sell18kJewelry -1274 HKD
  category: "Jewelry"
  sku: "DDFFFFFF0300000000000017"
  qty: 1
  referenceNo: "605"
  orderId: "2019c46f-34d9-4179-ac70-333307b3fb48"
  type: "Invoice Item"
  sourceId: "c1e7ce86-393d-43dc-b610-1bb8abcdd089"
  Income:Sales:SalesItem:Sell18kJewelry -1209 HKD
  category: "Jewelry"
  sku: "DDFFFFFF0300000000000007"
  qty: 1
  referenceNo: "605"
  orderId: "2019c46f-34d9-4179-ac70-333307b3fb48"
  type: "Invoice Item"
  sourceId: "430204b9-2d82-4516-bd23-03d317f2be95"
  Assets:CurrentAssets:AccountReceivable
  referenceNo: "605"
  orderId: "2019c46f-34d9-4179-ac70-333307b3fb48"
  type: "Invoice"
  sourceId: "2019c46f-34d9-4179-ac70-333307b3fb48"
  contact: "852 93236931 (Shirley Fung) [a623e460-7a17-4838-a741-0d4a3855aa15]"
2024-12-22 * "Invoice #606 Stock Gold Jewellery 4.21g"
  Income:Sales:SalesItem:SellGoldJewelry -3200 HKD
  category: "Gold Jewelry"
  sku: "DDFF23051202000000000017"
  qty: 1
  referenceNo: "606"
  orderId: "d6b3255c-44c9-4fb0-b37f-4faaee6dcc07"
  type: "Invoice Item"
  sourceId: "19c69f2d-c2d1-4912-ab7e-9c4e88eb2deb"
  Assets:CurrentAssets:AccountReceivable
  referenceNo: "606"
  orderId: "d6b3255c-44c9-4fb0-b37f-4faaee6dcc07"
  type: "Invoice"
  sourceId: "d6b3255c-44c9-4fb0-b37f-4faaee6dcc07"
  contact: "880 802 (Walk in) [42348712-7daa-4c29-93b7-756b472429a4]"
2024-12-22 * "Assets:CurrentAssets:Bank:KpayBank" "Invoice Payment for Invoice #606 #e5635dd5-382b-4b00-b77a-36eab4243bf1"
  Assets:CurrentAssets:Bank:KpayBank 3200 HKD
  type: "Invoice Payment"
  sourceId: "e5635dd5-382b-4b00-b77a-36eab4243bf1"
  referenceNo: "606"
  orderId: "d6b3255c-44c9-4fb0-b37f-4faaee6dcc07"
  Assets:CurrentAssets:AccountReceivable -3200 HKD
  type: "Invoice Payment"
  sourceId: "e5635dd5-382b-4b00-b77a-36eab4243bf1"
  referenceNo: "606"
  orderId: "d6b3255c-44c9-4fb0-b37f-4faaee6dcc07"
  contact: "880 802 (Walk in) [42348712-7daa-4c29-93b7-756b472429a4]"
2024-12-23 * "Invoice #829 Ref bill#1193 inv#603 1CT代鑲石"
  Income:Sales:SalesItem:Sell-ForProcess交外廠加工 -0 HKD
  category: "Other"
  sku: "Processing 057"
  qty: 1
  referenceNo: "829"
  orderId: "b2bc9b04-d1ba-4e69-a1c4-9ff26a160410"
  type: "Invoice Item"
  sourceId: "42b66bb5-b677-4377-848a-b6d0f8d02732"
  Assets:CurrentAssets:AccountReceivable
  referenceNo: "829"
  orderId: "b2bc9b04-d1ba-4e69-a1c4-9ff26a160410"
  type: "Invoice"
  sourceId: "b2bc9b04-d1ba-4e69-a1c4-9ff26a160410"
  contact: "852 63709351 () [cd0cce7c-3e3e-4a78-9a5c-c7a229f2cda3]"
2024-12-23 * "Bill #1193 inv#898 1CT代鑲石"
  referenceNo: "1193"
  orderId: "8d344992-feac-4d71-87fc-9eb941ed4bf8"
  type: "Bill"
  Expenses:CostOfSales:Purchase:PurchaseItem:BuyCost-ProcessingFee 400 HKD
  category: "Other"
  sku: "Processing 057"
  qty: 1
  referenceNo: "1193"
  orderId: "8d344992-feac-4d71-87fc-9eb941ed4bf8"
  type: "Bill Item"
  sourceId: "8d9abb1b-08d3-4a71-bcd9-99d44e471481"
  Liabilities:CurrentLiabilities:AccountPayable
  referenceNo: "1193"
  orderId: "8d344992-feac-4d71-87fc-9eb941ed4bf8"
  type: "Bill"
  sourceId: "8d344992-feac-4d71-87fc-9eb941ed4bf8"
  contact: "852 93032716 (JACKIE) [2c6ec785-bec4-40f7-b485-6d6e7ae28f28]"
2024-12-23 * "852 93032716 (JACKIE) [2c6ec785-bec4-40f7-b485-6d6e7ae28f28]" "Bill Payment for Bill #1193 #2c7d54f8-173a-46a1-9df0-cccee86b381c"
  contact: "852 93032716 (JACKIE) [2c6ec785-bec4-40f7-b485-6d6e7ae28f28]"
  Liabilities:CurrentLiabilities:AccountPayable 400 HKD
  type: "Bill Payment"
  sourceId: "2c7d54f8-173a-46a1-9df0-cccee86b381c"
  referenceNo: "1193"
  orderId: "8d344992-feac-4d71-87fc-9eb941ed4bf8"
  Assets:CurrentAssets:Cash:CashInHand -400 HKD
  type: "Bill Payment"
  sourceId: "2c7d54f8-173a-46a1-9df0-cccee86b381c"
  referenceNo: "1193"
  orderId: "8d344992-feac-4d71-87fc-9eb941ed4bf8"
2024-12-23 * "Invoice #607 Stock R24134"
  Income:Sales:SalesItem:Sell18kJewelry -3800 HKD
  category: "Jewelry"
  sku: "DD2024080700000005"
  qty: 1
  referenceNo: "607"
  orderId: "5e6f8de1-7983-496b-9291-1a3e94d41b48"
  type: "Invoice Item"
  sourceId: "c755a6d4-80df-4b67-bba4-794ccb9efadb"
  Assets:CurrentAssets:AccountReceivable
  referenceNo: "607"
  orderId: "5e6f8de1-7983-496b-9291-1a3e94d41b48"
  type: "Invoice"
  sourceId: "5e6f8de1-7983-496b-9291-1a3e94d41b48"
  contact: "852 95805306 () [7ccdddf4-5e2f-46b3-a142-f75549edc08e]"
2024-12-23 * "Assets:CurrentAssets:Cash:CashInHand" "Invoice Payment for Invoice #607 #8508e0bd-9864-42ce-bd7b-0fc05e7b6807"
  Assets:CurrentAssets:Cash:CashInHand 3800 HKD
  type: "Invoice Payment"
  sourceId: "8508e0bd-9864-42ce-bd7b-0fc05e7b6807"
  referenceNo: "607"
  orderId: "5e6f8de1-7983-496b-9291-1a3e94d41b48"
  Assets:CurrentAssets:AccountReceivable -3800 HKD
  type: "Invoice Payment"
  sourceId: "8508e0bd-9864-42ce-bd7b-0fc05e7b6807"
  referenceNo: "607"
  orderId: "5e6f8de1-7983-496b-9291-1a3e94d41b48"
  contact: "852 95805306 () [7ccdddf4-5e2f-46b3-a142-f75549edc08e]"
2024-12-24 * "Invoice #608 Stock B2106"
  Income:Sales:SalesItem:Sell18kJewelry -10000 HKD
  category: "Jewelry"
  sku: "DDFFFFFF0400000000000017"
  qty: 1
  referenceNo: "608"
  orderId: "c9054833-4da5-4a77-bbfc-8077e8342300"
  type: "Invoice Item"
  sourceId: "ece5666c-2a2d-4ceb-babf-aec13957fc92"
  Assets:CurrentAssets:AccountReceivable
  referenceNo: "608"
  orderId: "c9054833-4da5-4a77-bbfc-8077e8342300"
  type: "Invoice"
  sourceId: "c9054833-4da5-4a77-bbfc-8077e8342300"
  contact: "852 62093677 (MR. LI ANTHONY) [66d9bf71-d062-4f2f-9413-6d0391cba3b3]"
2024-12-24 * "Assets:CurrentAssets:Bank:KpayBank" "Invoice Payment for Invoice #608 #0bb5a17f-3d88-41b4-9ccc-d6cd5055a76a"
  Assets:CurrentAssets:Bank:KpayBank 10000 HKD
  type: "Invoice Payment"
  sourceId: "0bb5a17f-3d88-41b4-9ccc-d6cd5055a76a"
  referenceNo: "608"
  orderId: "c9054833-4da5-4a77-bbfc-8077e8342300"
  Assets:CurrentAssets:AccountReceivable -10000 HKD
  type: "Invoice Payment"
  sourceId: "0bb5a17f-3d88-41b4-9ccc-d6cd5055a76a"
  referenceNo: "608"
  orderId: "c9054833-4da5-4a77-bbfc-8077e8342300"
  contact: "852 62093677 (MR. LI ANTHONY) [66d9bf71-d062-4f2f-9413-6d0391cba3b3]"
2024-12-24 * "Invoice #609 R24126 #9"
  Income:Sales:SalesItem:Sell18kJewelry -2500 HKD
  category: "Jewelry"
  sku: "DD2024071800000003"
  qty: 1
  referenceNo: "609"
  orderId: "164cfb10-b091-46b4-aa29-b228675538f9"
  type: "Invoice Item"
  sourceId: "ed6b5bbe-afe1-4fbc-8fda-6fc3a6f5bb3b"
  Assets:CurrentAssets:AccountReceivable
  referenceNo: "609"
  orderId: "164cfb10-b091-46b4-aa29-b228675538f9"
  type: "Invoice"
  sourceId: "164cfb10-b091-46b4-aa29-b228675538f9"
  contact: "852 95583010 () [1ca13606-31ed-447c-91ab-bf4e5ad03d9b]"
2024-12-25 * "Bill #1392 BOC VISA Card - David 12月 2024"
  referenceNo: "1392"
  orderId: "860bd973-2a6f-4fc9-82b1-d59aff20d08b"
  type: "Bill"
  Expenses:Subscriptions 78 HKD
  qty: "1"
  description: "Microsoft*Microsoft (26 Nov 2024)"
  referenceNo: "1392"
  orderId: "860bd973-2a6f-4fc9-82b1-d59aff20d08b"
  type: "Bill Item"
  sourceId: "87803359-499a-4a4f-902a-7a2fed104db0"
  Expenses:BankFeesExpense 0.74 HKD
  qty: "1"
  description: "Bank Fee - 集團 CCTV監控系統訂閱費 TP-LINK GLOBAL INC. 2 Dec 2024"
  referenceNo: "1392"
  orderId: "860bd973-2a6f-4fc9-82b1-d59aff20d08b"
  type: "Bill Item"
  sourceId: "3aa90c0e-87f6-47de-ba93-c51b91533cd8"
  Liabilities:CurrentLiabilities:CurrentAccount:C-a-MilwaysGoldLimited 93 HKD
  qty: "1"
  description: "集團 CCTV監控系統訂閱費 TP-LINK GLOBAL INC. 2 Dec 2024"
  referenceNo: "1392"
  orderId: "860bd973-2a6f-4fc9-82b1-d59aff20d08b"
  type: "Bill Item"
  sourceId: "8bf49a91-d6d1-491e-ad1f-55d0218523e8"
  Expenses:Subscriptions 158.51 HKD
  qty: "1"
  description: "VERCEL INC. USD 20 (22 Dec 2024)"
  referenceNo: "1392"
  orderId: "860bd973-2a6f-4fc9-82b1-d59aff20d08b"
  type: "Bill Item"
  sourceId: "7515bd9d-5df7-4e84-8498-a3c4826e9a36"
  Liabilities:CurrentLiabilities:CurrentAccount:C-a-MilwaysGoldLimited 8599.51 HKD
  qty: "1"
  description: "Milways Gold -  物資"
  referenceNo: "1392"
  orderId: "860bd973-2a6f-4fc9-82b1-d59aff20d08b"
  type: "Bill Item"
  sourceId: "cbcc4f26-ddb2-44a7-98c0-bbff0c9b2f38"
  Liabilities:CurrentLiabilities:AccountPayable
  referenceNo: "1392"
  orderId: "860bd973-2a6f-4fc9-82b1-d59aff20d08b"
  type: "Bill"
  sourceId: "860bd973-2a6f-4fc9-82b1-d59aff20d08b"
  contact: "880 806 () [53b8789a-4451-4a1f-84f7-a9c5da7ada1a]"
2024-12-25 * "880 806 () [53b8789a-4451-4a1f-84f7-a9c5da7ada1a]" "Bill Payment for Bill #1392 #a7fa9543-71b2-4e32-86f6-bbab4091a094"
  contact: "880 806 () [53b8789a-4451-4a1f-84f7-a9c5da7ada1a]"
  Liabilities:CurrentLiabilities:AccountPayable 8929.76 HKD
  type: "Bill Payment"
  sourceId: "a7fa9543-71b2-4e32-86f6-bbab4091a094"
  referenceNo: "1392"
  orderId: "860bd973-2a6f-4fc9-82b1-d59aff20d08b"
  Assets:CurrentAssets:Bank:BocVisaCard-DavidBank -8929.76 HKD
  type: "Bill Payment"
  sourceId: "a7fa9543-71b2-4e32-86f6-bbab4091a094"
  referenceNo: "1392"
  orderId: "860bd973-2a6f-4fc9-82b1-d59aff20d08b"
2024-12-25 * "Assets:CurrentAssets:Bank:KpayBank" "Invoice Payment for Invoice #609 #00ef75ff-416a-4c42-a3e1-30ef1ef0b240"
  Assets:CurrentAssets:Bank:KpayBank 2500 HKD
  type: "Invoice Payment"
  sourceId: "00ef75ff-416a-4c42-a3e1-30ef1ef0b240"
  referenceNo: "609"
  orderId: "164cfb10-b091-46b4-aa29-b228675538f9"
  Assets:CurrentAssets:AccountReceivable -2500 HKD
  type: "Invoice Payment"
  sourceId: "00ef75ff-416a-4c42-a3e1-30ef1ef0b240"
  referenceNo: "609"
  orderId: "164cfb10-b091-46b4-aa29-b228675538f9"
  contact: "852 95583010 () [1ca13606-31ed-447c-91ab-bf4e5ad03d9b]"
2024-12-25 * "Bill #1194 ERIC~補貨/客訂"
  referenceNo: "1194"
  orderId: "f64a1e67-bb94-42fd-9c60-bd1ee3d1af12"
  type: "Bill"
  Expenses:CostOfSales:Purchase:PurchaseItem:Buy18kJewelry 2854 CNY
  category: "Jewelry"
  sku: "DD2024122300000001"
  qty: 1
  referenceNo: "1194"
  orderId: "f64a1e67-bb94-42fd-9c60-bd1ee3d1af12"
  type: "Bill Item"
  sourceId: "6677e405-ef48-465a-a758-6d089bbbdef7"
  Liabilities:CurrentLiabilities:AccountPayable
  referenceNo: "1194"
  orderId: "f64a1e67-bb94-42fd-9c60-bd1ee3d1af12"
  type: "Bill"
  sourceId: "f64a1e67-bb94-42fd-9c60-bd1ee3d1af12"
  contact: "86 97978678 (ERIC) [cb2cbf18-d8c3-40eb-a388-d7234ea70615]"
2024-12-26 * "Bill #1235 BOC VISA Card - Sam 12月 2024"
  referenceNo: "1235"
  orderId: "a546ad16-72f8-4fa6-bb2f-a92120cb794a"
  type: "Bill"
  Expenses:OfficeExpenses 1805.64 HKD
  qty: "1"
  description: "Oversea Trip Expenses"
  referenceNo: "1235"
  orderId: "a546ad16-72f8-4fa6-bb2f-a92120cb794a"
  type: "Bill Item"
  sourceId: "25ff2af0-9001-494b-97ea-b974eefd9a1d"
  Liabilities:CurrentLiabilities:AccountPayable
  referenceNo: "1235"
  orderId: "a546ad16-72f8-4fa6-bb2f-a92120cb794a"
  type: "Bill"
  sourceId: "a546ad16-72f8-4fa6-bb2f-a92120cb794a"
  contact: "880 806 () [53b8789a-4451-4a1f-84f7-a9c5da7ada1a]"
2024-12-26 * "880 806 () [53b8789a-4451-4a1f-84f7-a9c5da7ada1a]" "Bill Payment for Bill #1235 #42a3c645-761c-43df-9bcc-7750cf8ce4d4"
  contact: "880 806 () [53b8789a-4451-4a1f-84f7-a9c5da7ada1a]"
  Liabilities:CurrentLiabilities:AccountPayable 1805.64 HKD
  type: "Bill Payment"
  sourceId: "42a3c645-761c-43df-9bcc-7750cf8ce4d4"
  referenceNo: "1235"
  orderId: "a546ad16-72f8-4fa6-bb2f-a92120cb794a"
  Assets:CurrentAssets:Bank:BocVisaCard-SamBank -1805.64 HKD
  type: "Bill Payment"
  sourceId: "42a3c645-761c-43df-9bcc-7750cf8ce4d4"
  referenceNo: "1235"
  orderId: "a546ad16-72f8-4fa6-bb2f-a92120cb794a"
2024-12-27 * "Bill #1213 AE Credit Card payment (24年12月)"
  referenceNo: "1213"
  orderId: "090a7900-fd0b-48d9-8e8f-fac93a6c464c"
  type: "Bill"
  Expenses:OfficeExpenses 10824.67 HKD
  qty: "1"
  description: "AE Credit Card payment (24年12月)"
  referenceNo: "1213"
  orderId: "090a7900-fd0b-48d9-8e8f-fac93a6c464c"
  type: "Bill Item"
  sourceId: "abd5482e-4e0e-4dd8-8dab-66a6c7f0ed65"
  Liabilities:CurrentLiabilities:AccountPayable
  referenceNo: "1213"
  orderId: "090a7900-fd0b-48d9-8e8f-fac93a6c464c"
  type: "Bill"
  sourceId: "090a7900-fd0b-48d9-8e8f-fac93a6c464c"
  contact: "880 806 () [53b8789a-4451-4a1f-84f7-a9c5da7ada1a]"
2024-12-27 * "880 806 () [53b8789a-4451-4a1f-84f7-a9c5da7ada1a]" "Bill Payment for Bill #1213 #d0eaf3cc-f9aa-46b8-9701-9e46a94af6c2"
  contact: "880 806 () [53b8789a-4451-4a1f-84f7-a9c5da7ada1a]"
  Liabilities:CurrentLiabilities:AccountPayable 10824.67 HKD
  type: "Bill Payment"
  sourceId: "d0eaf3cc-f9aa-46b8-9701-9e46a94af6c2"
  referenceNo: "1213"
  orderId: "090a7900-fd0b-48d9-8e8f-fac93a6c464c"
  Assets:CurrentAssets:Bank:BocSavingBank -10824.67 HKD
  type: "Bill Payment"
  sourceId: "d0eaf3cc-f9aa-46b8-9701-9e46a94af6c2"
  referenceNo: "1213"
  orderId: "090a7900-fd0b-48d9-8e8f-fac93a6c464c"
2024-12-27 * "Assets:CurrentAssets:Bank:BocSavingBank" "Invoice Payment for Invoice #603 #f15dcebb-c09e-4b75-b83b-e838cf25f5b5"
  Assets:CurrentAssets:Bank:BocSavingBank 20000 HKD
  type: "Invoice Payment"
  sourceId: "f15dcebb-c09e-4b75-b83b-e838cf25f5b5"
  referenceNo: "603"
  orderId: "6e54821b-8ea8-4594-b86a-0b3fe2c76653"
  Assets:CurrentAssets:AccountReceivable -20000 HKD
  type: "Invoice Payment"
  sourceId: "f15dcebb-c09e-4b75-b83b-e838cf25f5b5"
  referenceNo: "603"
  orderId: "6e54821b-8ea8-4594-b86a-0b3fe2c76653"
  contact: "852 63709351 () [cd0cce7c-3e3e-4a78-9a5c-c7a229f2cda3]"
2024-12-27 * "Bill #1195 深圳市嘉寧珏珠寶股份有限公司"
  referenceNo: "1195"
  orderId: "15771aaa-14f8-4e52-af98-6f37c773f33b"
  type: "Bill"
  Expenses:CostOfSales:Purchase:PurchaseItem:Buy18kJewelry 1215.03 HKD
  category: "Jewelry"
  sku: "DD2024122700000006"
  qty: 1
  referenceNo: "1195"
  orderId: "15771aaa-14f8-4e52-af98-6f37c773f33b"
  type: "Bill Item"
  sourceId: "4f29b36b-f9ed-4bce-a6f4-12c0a90fd224"
  Expenses:CostOfSales:Purchase:PurchaseItem:Buy18kJewelry 367.36 HKD
  category: "Jewelry"
  sku: "DD2024122700000020"
  qty: 1
  referenceNo: "1195"
  orderId: "15771aaa-14f8-4e52-af98-6f37c773f33b"
  type: "Bill Item"
  sourceId: "6f0f6ae2-ff03-41fa-bdb3-736d7d7233df"
  Expenses:CostOfSales:Purchase:PurchaseItem:Buy18kJewelry 905.95 HKD
  category: "Jewelry"
  sku: "DD2024122700000001"
  qty: 1
  referenceNo: "1195"
  orderId: "15771aaa-14f8-4e52-af98-6f37c773f33b"
  type: "Bill Item"
  sourceId: "50381e5b-bf06-4bd1-8f7c-58299c94f443"
  Expenses:CostOfSales:Purchase:PurchaseItem:Buy18kJewelry 1208.43 HKD
  category: "Jewelry"
  sku: "DD2024122700000004"
  qty: 1
  referenceNo: "1195"
  orderId: "15771aaa-14f8-4e52-af98-6f37c773f33b"
  type: "Bill Item"
  sourceId: "5e632211-513b-4ea8-85a9-5bd13b1e0b0c"
  Expenses:CostOfSales:Purchase:PurchaseItem:Buy18kJewelry 460.62 HKD
  category: "Jewelry"
  sku: "DD2024122700000014"
  qty: 1
  referenceNo: "1195"
  orderId: "15771aaa-14f8-4e52-af98-6f37c773f33b"
  type: "Bill Item"
  sourceId: "201cebfc-a62e-4db3-9aec-e2e1d2f68b8a"
  Expenses:CostOfSales:Purchase:PurchaseItem:Buy18kJewelry 969.4 HKD
  category: "Jewelry"
  sku: "DD2024122700000015"
  qty: 1
  referenceNo: "1195"
  orderId: "15771aaa-14f8-4e52-af98-6f37c773f33b"
  type: "Bill Item"
  sourceId: "bbca3b44-b6cc-4fb6-a87d-5fdcfb81f5d4"
  Expenses:CostOfSales:Purchase:PurchaseItem:Buy18kJewelry 824.82 HKD
  category: "Jewelry"
  sku: "DD2024122700000016"
  qty: 1
  referenceNo: "1195"
  orderId: "15771aaa-14f8-4e52-af98-6f37c773f33b"
  type: "Bill Item"
  sourceId: "07909c6e-a9e2-4d15-8443-7bc51afa9880"
  Expenses:CostOfSales:Purchase:PurchaseItem:Buy18kJewelry 824.82 HKD
  category: "Jewelry"
  sku: "DD2024122700000017"
  qty: 1
  referenceNo: "1195"
  orderId: "15771aaa-14f8-4e52-af98-6f37c773f33b"
  type: "Bill Item"
  sourceId: "8f9877c3-0923-4106-af4c-60b31d483beb"
  Expenses:CostOfSales:Purchase:PurchaseItem:Buy18kJewelry 1152.36 HKD
  category: "Jewelry"
  sku: "DD2024122700000005"
  qty: 1
  referenceNo: "1195"
  orderId: "15771aaa-14f8-4e52-af98-6f37c773f33b"
  type: "Bill Item"
  sourceId: "551344cc-3685-48c0-8432-d015888f9856"
  Expenses:CostOfSales:Purchase:PurchaseItem:Buy18kJewelry 648.08 HKD
  category: "Jewelry"
  sku: "DD2024122700000018"
  qty: 1
  referenceNo: "1195"
  orderId: "15771aaa-14f8-4e52-af98-6f37c773f33b"
  type: "Bill Item"
  sourceId: "17e51a85-3ac9-426a-a9bb-feb51b9a3658"
  Expenses:CostOfSales:Purchase:PurchaseItem:Buy18kJewelry 594.23 HKD
  category: "Jewelry"
  sku: "DD2024122700000019"
  qty: 1
  referenceNo: "1195"
  orderId: "15771aaa-14f8-4e52-af98-6f37c773f33b"
  type: "Bill Item"
  sourceId: "f19e405c-3d49-49c7-92d9-f6eb1e98babb"
  Expenses:CostOfSales:Purchase:PurchaseItem:Buy18kJewelry 792.69 HKD
  category: "Jewelry"
  sku: "DD2024122700000012"
  qty: 1
  referenceNo: "1195"
  orderId: "15771aaa-14f8-4e52-af98-6f37c773f33b"
  type: "Bill Item"
  sourceId: "46c4141a-8e2c-4681-bd6d-49b7bc745ecf"
  Expenses:CostOfSales:Purchase:PurchaseItem:Buy18kJewelry 1142.78 HKD
  category: "Jewelry"
  sku: "DD2024122700000003"
  qty: 1
  referenceNo: "1195"
  orderId: "15771aaa-14f8-4e52-af98-6f37c773f33b"
  type: "Bill Item"
  sourceId: "4472408c-e4a6-47bf-b5cc-4a51436c61f3"
  Expenses:CostOfSales:Purchase:PurchaseItem:Buy18kJewelry 1119.17 HKD
  category: "Jewelry"
  sku: "DD2024122700000011"
  qty: 1
  referenceNo: "1195"
  orderId: "15771aaa-14f8-4e52-af98-6f37c773f33b"
  type: "Bill Item"
  sourceId: "8652b4d0-362e-4cf7-961b-ae3345c0a399"
  Expenses:CostOfSales:Purchase:PurchaseItem:Buy18kJewelry 1220.17 HKD
  category: "Jewelry"
  sku: "DD2024122700000010"
  qty: 1
  referenceNo: "1195"
  orderId: "15771aaa-14f8-4e52-af98-6f37c773f33b"
  type: "Bill Item"
  sourceId: "698bcaf4-5bc0-4f2c-bdbe-27a85ea98305"
  Expenses:CostOfSales:Purchase:PurchaseItem:Buy18kJewelry 1257.11 HKD
  category: "Jewelry"
  sku: "DD2024122700000009"
  qty: 1
  referenceNo: "1195"
  orderId: "15771aaa-14f8-4e52-af98-6f37c773f33b"
  type: "Bill Item"
  sourceId: "9ad8f596-7a12-4e32-8358-7375976a0512"
  Expenses:CostOfSales:Purchase:PurchaseItem:Buy18kJewelry 1301.53 HKD
  category: "Jewelry"
  sku: "DD2024122700000008"
  qty: 1
  referenceNo: "1195"
  orderId: "15771aaa-14f8-4e52-af98-6f37c773f33b"
  type: "Bill Item"
  sourceId: "02fec5cc-faab-40d3-ac90-3466c0a28944"
  Expenses:CostOfSales:Purchase:PurchaseItem:Buy18kJewelry 1345.25 HKD
  category: "Jewelry"
  sku: "DD2024122700000007"
  qty: 1
  referenceNo: "1195"
  orderId: "15771aaa-14f8-4e52-af98-6f37c773f33b"
  type: "Bill Item"
  sourceId: "8793d00c-d170-45ee-8866-9a7b814b46d6"
  Expenses:CostOfSales:Purchase:PurchaseItem:Buy18kJewelry 1536.25 HKD
  category: "Jewelry"
  sku: "DD2024122700000002"
  qty: 1
  referenceNo: "1195"
  orderId: "15771aaa-14f8-4e52-af98-6f37c773f33b"
  type: "Bill Item"
  sourceId: "39bc79cb-d4e7-41a9-bb95-43069af4984d"
  Expenses:CostOfSales:Purchase:PurchaseItem:Buy18kJewelry 765.91 HKD
  category: "Jewelry"
  sku: "DD2024122700000013"
  qty: 1
  referenceNo: "1195"
  orderId: "15771aaa-14f8-4e52-af98-6f37c773f33b"
  type: "Bill Item"
  sourceId: "5030bb22-d108-4e8d-8837-89a7716abadd"
  Liabilities:CurrentLiabilities:AccountPayable
  referenceNo: "1195"
  orderId: "15771aaa-14f8-4e52-af98-6f37c773f33b"
  type: "Bill"
  sourceId: "15771aaa-14f8-4e52-af98-6f37c773f33b"
  contact: "86 13502891558 () [0855f826-2f3a-4788-bfb1-5f09653c1ad0]"
2024-12-27 * "86 13502891558 () [0855f826-2f3a-4788-bfb1-5f09653c1ad0]" "Bill Payment for Bill #1195 #d206a066-2b18-4fb6-a08b-a38636381c3f"
  contact: "86 13502891558 () [0855f826-2f3a-4788-bfb1-5f09653c1ad0]"
  Liabilities:CurrentLiabilities:AccountPayable 19652 HKD
  type: "Bill Payment"
  sourceId: "d206a066-2b18-4fb6-a08b-a38636381c3f"
  referenceNo: "1195"
  orderId: "15771aaa-14f8-4e52-af98-6f37c773f33b"
  Assets:CurrentAssets:Cash:CashInHand -19652 HKD
  type: "Bill Payment"
  sourceId: "d206a066-2b18-4fb6-a08b-a38636381c3f"
  referenceNo: "1195"
  orderId: "15771aaa-14f8-4e52-af98-6f37c773f33b"
2024-12-28 * "Bill #1196 陳生戒指代鑲嵌"
  referenceNo: "1196"
  orderId: "00a75a14-3318-496e-9cee-3db8b4463fb8"
  type: "Bill"
  Expenses:CostOfSales:Purchase:PurchaseItem:BuyBespoke 13800 HKD
  category: "Jewelry"
  sku: "DDBESPOKE00000008"
  qty: 1
  referenceNo: "1196"
  orderId: "00a75a14-3318-496e-9cee-3db8b4463fb8"
  type: "Bill Item"
  sourceId: "1afcdf16-7441-4e63-86da-5863a714dfab"
  Liabilities:CurrentLiabilities:AccountPayable
  referenceNo: "1196"
  orderId: "00a75a14-3318-496e-9cee-3db8b4463fb8"
  type: "Bill"
  sourceId: "00a75a14-3318-496e-9cee-3db8b4463fb8"
  contact: "852 93032716 (JACKIE) [2c6ec785-bec4-40f7-b485-6d6e7ae28f28]"
2024-12-28 * "852 93032716 (JACKIE) [2c6ec785-bec4-40f7-b485-6d6e7ae28f28]" "Bill Payment for Bill #1196 #53f12bd3-25ea-4816-b5cd-6f1d5fa0cc6e"
  contact: "852 93032716 (JACKIE) [2c6ec785-bec4-40f7-b485-6d6e7ae28f28]"
  Liabilities:CurrentLiabilities:AccountPayable 13800 HKD
  type: "Bill Payment"
  sourceId: "53f12bd3-25ea-4816-b5cd-6f1d5fa0cc6e"
  referenceNo: "1196"
  orderId: "00a75a14-3318-496e-9cee-3db8b4463fb8"
  Assets:CurrentAssets:Cash:CashInHand -13800 HKD
  type: "Bill Payment"
  sourceId: "53f12bd3-25ea-4816-b5cd-6f1d5fa0cc6e"
  referenceNo: "1196"
  orderId: "00a75a14-3318-496e-9cee-3db8b4463fb8"
2024-12-29 * "Invoice #610 Bespoke Ring Setting"
  Income:Sales:SalesItem:SellBespokeorotherFee -16500 HKD
  category: "Jewelry"
  sku: "DDBESPOKE00000008"
  qty: 1
  referenceNo: "610"
  orderId: "085c42e0-68ca-4ce7-b432-e5c860a52183"
  type: "Invoice Item"
  sourceId: "c27f81bd-98c3-48c1-b0ca-0f203c71d3ba"
  Assets:CurrentAssets:AccountReceivable
  referenceNo: "610"
  orderId: "085c42e0-68ca-4ce7-b432-e5c860a52183"
  type: "Invoice"
  sourceId: "085c42e0-68ca-4ce7-b432-e5c860a52183"
  contact: "852 98688818 (jacky chan) [bc00ba1e-6025-4211-bc55-3651dd739a79]"
2024-12-29 * "Assets:CurrentAssets:Bank:KpayBank" "Invoice Payment for Invoice #610 #9c2c5817-c4bb-4a64-bceb-6d2f227c7e82"
  Assets:CurrentAssets:Bank:KpayBank 16500 HKD
  type: "Invoice Payment"
  sourceId: "9c2c5817-c4bb-4a64-bceb-6d2f227c7e82"
  referenceNo: "610"
  orderId: "085c42e0-68ca-4ce7-b432-e5c860a52183"
  Assets:CurrentAssets:AccountReceivable -16500 HKD
  type: "Invoice Payment"
  sourceId: "9c2c5817-c4bb-4a64-bceb-6d2f227c7e82"
  referenceNo: "610"
  orderId: "085c42e0-68ca-4ce7-b432-e5c860a52183"
  contact: "852 98688818 (jacky chan) [bc00ba1e-6025-4211-bc55-3651dd739a79]"
2024-12-30 * "Invoice #611 TO 417 GOLD NECKLACE"
  Income:Sales:SalesItem:SellGoldJewelry -8470.05 USDT
  category: "Gold Jewelry"
  sku: "DD2024112400000020"
  qty: 1
  referenceNo: "611"
  orderId: "c664076a-83fd-4794-9c6c-1df3f31f09c3"
  type: "Invoice Item"
  sourceId: "831096f6-ec2e-4d46-9c8a-872a226c4801"
  Assets:CurrentAssets:AccountReceivable
  referenceNo: "611"
  orderId: "c664076a-83fd-4794-9c6c-1df3f31f09c3"
  type: "Invoice"
  sourceId: "c664076a-83fd-4794-9c6c-1df3f31f09c3"
  contact: "998 12345708 (David Kwan(Director)) [02ab8da0-959b-440e-9733-c02eab1b0288]"
2024-12-30 * "Bill #1217 12月2024年MPF"
  referenceNo: "1217"
  orderId: "79a61164-b9db-4e93-9843-8a434b93a794"
  type: "Bill"
  Expenses:GeneralExpense:Mpf 7500 HKD
  qty: "1"
  description: "12月2024年MPF"
  referenceNo: "1217"
  orderId: "79a61164-b9db-4e93-9843-8a434b93a794"
  type: "Bill Item"
  sourceId: "6bcca1fa-74fa-472c-97e7-c69c48ace433"
  Liabilities:CurrentLiabilities:AccountPayable
  referenceNo: "1217"
  orderId: "79a61164-b9db-4e93-9843-8a434b93a794"
  type: "Bill"
  sourceId: "79a61164-b9db-4e93-9843-8a434b93a794"
  contact: "880 806 () [53b8789a-4451-4a1f-84f7-a9c5da7ada1a]"
2024-12-30 * "Bill #1214 SALARY 24年12月"
  referenceNo: "1214"
  orderId: "3a3d6429-82ae-438f-98b1-90ecad7c7c16"
  type: "Bill"
  Expenses:WagesAndSalaries 71250 HKD
  qty: "1"
  description: "SALARY 24年12月"
  referenceNo: "1214"
  orderId: "3a3d6429-82ae-438f-98b1-90ecad7c7c16"
  type: "Bill Item"
  sourceId: "2a8b2b25-f178-492a-ab04-a0fdaee8b642"
  Expenses:BankFeesExpense 2.1 HKD
  qty: "1"
  description: "bank fee "
  referenceNo: "1214"
  orderId: "3a3d6429-82ae-438f-98b1-90ecad7c7c16"
  type: "Bill Item"
  sourceId: "727babf1-24b9-4bfe-bb07-c0e54d949d2a"
  Liabilities:CurrentLiabilities:AccountPayable
  referenceNo: "1214"
  orderId: "3a3d6429-82ae-438f-98b1-90ecad7c7c16"
  type: "Bill"
  sourceId: "3a3d6429-82ae-438f-98b1-90ecad7c7c16"
  contact: "880 806 () [53b8789a-4451-4a1f-84f7-a9c5da7ada1a]"
2024-12-30 * "880 806 () [53b8789a-4451-4a1f-84f7-a9c5da7ada1a]" "Bill Payment for Bill #1214 #97334ef5-9ec0-4c28-a018-d77d31f2c29e"
  contact: "880 806 () [53b8789a-4451-4a1f-84f7-a9c5da7ada1a]"
  Liabilities:CurrentLiabilities:AccountPayable 2.1 HKD
  type: "Bill Payment"
  sourceId: "97334ef5-9ec0-4c28-a018-d77d31f2c29e"
  referenceNo: "1214"
  orderId: "3a3d6429-82ae-438f-98b1-90ecad7c7c16"
  Assets:CurrentAssets:Bank:BocSavingBank -2.1 HKD
  type: "Bill Payment"
  sourceId: "97334ef5-9ec0-4c28-a018-d77d31f2c29e"
  referenceNo: "1214"
  orderId: "3a3d6429-82ae-438f-98b1-90ecad7c7c16"
2024-12-30 * "880 806 () [53b8789a-4451-4a1f-84f7-a9c5da7ada1a]" "Bill Payment for Bill #1214 #91897b84-a708-4d4f-b3a9-1527ebd3d234"
  contact: "880 806 () [53b8789a-4451-4a1f-84f7-a9c5da7ada1a]"
  Liabilities:CurrentLiabilities:AccountPayable 71250 HKD
  type: "Bill Payment"
  sourceId: "91897b84-a708-4d4f-b3a9-1527ebd3d234"
  referenceNo: "1214"
  orderId: "3a3d6429-82ae-438f-98b1-90ecad7c7c16"
  Assets:CurrentAssets:Bank:BocSavingBank -71250 HKD
  type: "Bill Payment"
  sourceId: "91897b84-a708-4d4f-b3a9-1527ebd3d234"
  referenceNo: "1214"
  orderId: "3a3d6429-82ae-438f-98b1-90ecad7c7c16"
2024-12-30 * "880 806 () [53b8789a-4451-4a1f-84f7-a9c5da7ada1a]" "Bill Payment for Bill #1217 #4542c95a-4786-472f-95d2-4b320c78188a"
  contact: "880 806 () [53b8789a-4451-4a1f-84f7-a9c5da7ada1a]"
  Liabilities:CurrentLiabilities:AccountPayable 7500 HKD
  type: "Bill Payment"
  sourceId: "4542c95a-4786-472f-95d2-4b320c78188a"
  referenceNo: "1217"
  orderId: "79a61164-b9db-4e93-9843-8a434b93a794"
  Assets:CurrentAssets:Bank:BocCurrentBank -7500 HKD
  type: "Bill Payment"
  sourceId: "4542c95a-4786-472f-95d2-4b320c78188a"
  referenceNo: "1217"
  orderId: "79a61164-b9db-4e93-9843-8a434b93a794"
2024-12-30 * "Bill #1197 BESPOKE 06"
  referenceNo: "1197"
  orderId: "d9c4fd9a-0ce4-4008-b208-dd576c2b2ee4"
  type: "Bill"
  Expenses:CostOfSales:Purchase:PurchaseItem:BuyCost-ProcessingFee 2000 HKD
  category: "Jewelry"
  sku: "DDBESPOKE00000006"
  qty: 1
  referenceNo: "1197"
  orderId: "d9c4fd9a-0ce4-4008-b208-dd576c2b2ee4"
  type: "Bill Item"
  sourceId: "17b46bb1-8a6f-4793-aa06-a7ade0613513"
  Liabilities:CurrentLiabilities:AccountPayable
  referenceNo: "1197"
  orderId: "d9c4fd9a-0ce4-4008-b208-dd576c2b2ee4"
  type: "Bill"
  sourceId: "d9c4fd9a-0ce4-4008-b208-dd576c2b2ee4"
  contact: "998 12345740 (PRESSURE WORK DESIGN CONSULTANTS) [205398a5-a6c5-4a09-938a-7308f6334f41]"
2024-12-31 * "Invoice #615 INTEREST"
  Income:OtherIncome:Interest-bank -132.05 HKD
  description: "INTEREST"
  qty: 1
  referenceNo: "615"
  orderId: "8fe7ed00-0922-4e9e-805c-8781d13f6776"
  type: "Invoice Item"
  sourceId: "b002b33c-298e-415b-8fd5-14e06d96b588"
  Assets:CurrentAssets:AccountReceivable
  referenceNo: "615"
  orderId: "8fe7ed00-0922-4e9e-805c-8781d13f6776"
  type: "Invoice"
  sourceId: "8fe7ed00-0922-4e9e-805c-8781d13f6776"
  contact: "880 806 () [53b8789a-4451-4a1f-84f7-a9c5da7ada1a]"
2024-12-31 * "Invoice #619 Income of Hedging (金) 2024-12"
  Income:OtherIncome:IncomeOfHedging金 -135698.61 USDT
  description: "Closed Trade P/L 2024.12"
  qty: 1
  referenceNo: "619"
  orderId: "7316ed75-da48-4da5-88fd-339361bd143f"
  type: "Invoice Item"
  sourceId: "b0cb0c16-51b4-421b-b499-b1c89e1d9f06"
  Assets:CurrentAssets:AccountReceivable
  referenceNo: "619"
  orderId: "7316ed75-da48-4da5-88fd-339361bd143f"
  type: "Invoice"
  sourceId: "7316ed75-da48-4da5-88fd-339361bd143f"
  contact: "852 666666 (icmarket) [666112b8-2856-4ed8-8370-eb4b911be7b5]"
2024-12-31 * "Invoice #620 Rebate From ICmarket 2024-12"
  Income:OtherIncome:RebateFromLp -419.34 USDT
  description: "Manual (Back office) 2024.12"
  qty: 1
  referenceNo: "620"
  orderId: "f4a06c95-4902-4886-8a7b-5ce254866dfd"
  type: "Invoice Item"
  sourceId: "31facb1e-be09-4a45-b6d2-91f534795c1e"
  Assets:CurrentAssets:AccountReceivable
  referenceNo: "620"
  orderId: "f4a06c95-4902-4886-8a7b-5ce254866dfd"
  type: "Invoice"
  sourceId: "f4a06c95-4902-4886-8a7b-5ce254866dfd"
  contact: "852 666666 (icmarket) [666112b8-2856-4ed8-8370-eb4b911be7b5]"
2024-12-31 * "Bill #1226 Assist MW in hedging used Icmarket acc 2024-12"
  referenceNo: "1226"
  orderId: "9d77b328-e702-4396-b1dc-48c46c7c7689"
  type: "Bill"
  Income:OtherIncome:AssistHedging金 135698.61 USDT
  qty: "1"
  description: "assist MW in hedging used Icmarket acc 2024.1201-1231"
  referenceNo: "1226"
  orderId: "9d77b328-e702-4396-b1dc-48c46c7c7689"
  type: "Bill Item"
  sourceId: "910fcabc-ffa7-474e-8ff7-7ce2fefe0eb5"
  Liabilities:CurrentLiabilities:AccountPayable
  referenceNo: "1226"
  orderId: "9d77b328-e702-4396-b1dc-48c46c7c7689"
  type: "Bill"
  sourceId: "9d77b328-e702-4396-b1dc-48c46c7c7689"
  contact: "852 62244422 (Milways Gold Ltd 萬寶黄金有限公司) [2dcfeea3-ab5e-40a3-a0af-00101f3873fa]"
2024-12-31 * "Bill #1212 Kpay 12/24 手續費"
  referenceNo: "1212"
  orderId: "c3cfa018-4a3c-4cef-ace6-82ac3f772917"
  type: "Bill"
  Expenses:CardFeeExpense 38.5 HKD
  qty: "1"
  description: "kpay191 2500-2,461.50=38.5"
  referenceNo: "1212"
  orderId: "c3cfa018-4a3c-4cef-ace6-82ac3f772917"
  type: "Bill Item"
  sourceId: "26655157-dea8-415f-94e3-7dcbda8838e0"
  Expenses:CardFeeExpense 151 HKD
  qty: "1"
  description: "Kpay 197 10000-9,849.00=151"
  referenceNo: "1212"
  orderId: "c3cfa018-4a3c-4cef-ace6-82ac3f772917"
  type: "Bill Item"
  sourceId: "b4b909df-61a7-417e-8464-a15d62e83a49"
  Expenses:CardFeeExpense 38.5 HKD
  qty: "1"
  description: "Kpay 196 2500-2,461.50=38.5"
  referenceNo: "1212"
  orderId: "c3cfa018-4a3c-4cef-ace6-82ac3f772917"
  type: "Bill Item"
  sourceId: "309b23b2-6b7b-4466-a820-834fa08e19f3"
  Expenses:CardFeeExpense 39.4 HKD
  qty: "1"
  description: " Kpay 195  3200-3,160.60=39.4"
  referenceNo: "1212"
  orderId: "c3cfa018-4a3c-4cef-ace6-82ac3f772917"
  type: "Bill Item"
  sourceId: "f312a132-c168-4db3-bcd5-9c4cc7051160"
  Expenses:CardFeeExpense 38.5 HKD
  qty: "1"
  description: "Kpay 194 2500-2,461.50=38.5"
  referenceNo: "1212"
  orderId: "c3cfa018-4a3c-4cef-ace6-82ac3f772917"
  type: "Bill Item"
  sourceId: "e78c11e0-8f3c-4346-9ba5-582750ebf6e6"
  Expenses:CardFeeExpense 89.2 HKD
  qty: "1"
  description: "Kpay 193 5880-5,790.80=89.2"
  referenceNo: "1212"
  orderId: "c3cfa018-4a3c-4cef-ace6-82ac3f772917"
  type: "Bill Item"
  sourceId: "cbe9ff05-36f3-4653-afc4-ec6185f3c026"
  Expenses:CardFeeExpense 38.5 HKD
  qty: "1"
  description: " kpay192 2500-2,461.50=38.5"
  referenceNo: "1212"
  orderId: "c3cfa018-4a3c-4cef-ace6-82ac3f772917"
  type: "Bill Item"
  sourceId: "451fde6c-3b53-4f5f-9c6c-67022610111a"
  Expenses:CardFeeExpense 248.5 HKD
  qty: "1"
  description: "Kpay 16500-16,251.50=248.5"
  referenceNo: "1212"
  orderId: "c3cfa018-4a3c-4cef-ace6-82ac3f772917"
  type: "Bill Item"
  sourceId: "229741a3-b63c-4331-9ad3-323c090172f0"
  Expenses:CardFeeExpense 38.5 HKD
  qty: "1"
  description: " kpay190 2500-2,461.50=38.5"
  referenceNo: "1212"
  orderId: "c3cfa018-4a3c-4cef-ace6-82ac3f772917"
  type: "Bill Item"
  sourceId: "802e395a-0210-40af-a4a7-9fe76ace6296"
  Expenses:CardFeeExpense 38.5 HKD
  qty: "1"
  description: "kpay189 2500-2,461.50=38.5"
  referenceNo: "1212"
  orderId: "c3cfa018-4a3c-4cef-ace6-82ac3f772917"
  type: "Bill Item"
  sourceId: "a371878b-4ed0-462b-b811-144c1f0befbb"
  Expenses:CardFeeExpense 208 HKD
  qty: "1"
  description: "kpay188 13800-13,592.00=208 (11月手續費)"
  referenceNo: "1212"
  orderId: "c3cfa018-4a3c-4cef-ace6-82ac3f772917"
  type: "Bill Item"
  sourceId: "66771067-4df7-41ef-989d-9ca465f85919"
  Expenses:CardFeeExpense 23.5 HKD
  qty: "1"
  description: "31/12 1500-1476.5=23.5"
  referenceNo: "1212"
  orderId: "c3cfa018-4a3c-4cef-ace6-82ac3f772917"
  type: "Bill Item"
  sourceId: "1b7b220a-83f6-420f-91d4-3cb390dd7e45"
  Liabilities:CurrentLiabilities:AccountPayable
  referenceNo: "1212"
  orderId: "c3cfa018-4a3c-4cef-ace6-82ac3f772917"
  type: "Bill"
  sourceId: "c3cfa018-4a3c-4cef-ace6-82ac3f772917"
  contact: "998 12345821 (KPAY) [5a706f32-7edc-48d8-ae47-62fee1e8bba1]"
2024-12-31 * "Assets:CurrentAssets:E-tradingPlatform:Mt511193568金" "Invoice Payment for Invoice #620 #629d45f0-6f2f-4e8b-b978-7835c61e5a16"
  Assets:CurrentAssets:E-tradingPlatform:Mt511193568金 419.34 USDT
  type: "Invoice Payment"
  sourceId: "629d45f0-6f2f-4e8b-b978-7835c61e5a16"
  referenceNo: "620"
  orderId: "f4a06c95-4902-4886-8a7b-5ce254866dfd"
  Assets:CurrentAssets:AccountReceivable -419.34 USDT
  type: "Invoice Payment"
  sourceId: "629d45f0-6f2f-4e8b-b978-7835c61e5a16"
  referenceNo: "620"
  orderId: "f4a06c95-4902-4886-8a7b-5ce254866dfd"
  contact: "852 666666 (icmarket) [666112b8-2856-4ed8-8370-eb4b911be7b5]"
2024-12-31 * "Assets:CurrentAssets:Bank:BocSavingBank" "Invoice Payment for Invoice #615 #2409e65e-d77d-4129-b072-53e116f3317f"
  Assets:CurrentAssets:Bank:BocSavingBank 132.05 HKD
  type: "Invoice Payment"
  sourceId: "2409e65e-d77d-4129-b072-53e116f3317f"
  referenceNo: "615"
  orderId: "8fe7ed00-0922-4e9e-805c-8781d13f6776"
  Assets:CurrentAssets:AccountReceivable -132.05 HKD
  type: "Invoice Payment"
  sourceId: "2409e65e-d77d-4129-b072-53e116f3317f"
  referenceNo: "615"
  orderId: "8fe7ed00-0922-4e9e-805c-8781d13f6776"
  contact: "880 806 () [53b8789a-4451-4a1f-84f7-a9c5da7ada1a]"
2024-12-31 * "Assets:CurrentAssets:E-tradingPlatform:Mt511193568金" "Invoice Payment for Invoice #619 #94c75e2d-126b-4ff7-8401-f4e02c40b734"
  Assets:CurrentAssets:E-tradingPlatform:Mt511193568金 135698.61 USDT
  type: "Invoice Payment"
  sourceId: "94c75e2d-126b-4ff7-8401-f4e02c40b734"
  referenceNo: "619"
  orderId: "7316ed75-da48-4da5-88fd-339361bd143f"
  Assets:CurrentAssets:AccountReceivable -135698.61 USDT
  type: "Invoice Payment"
  sourceId: "94c75e2d-126b-4ff7-8401-f4e02c40b734"
  referenceNo: "619"
  orderId: "7316ed75-da48-4da5-88fd-339361bd143f"
  contact: "852 666666 (icmarket) [666112b8-2856-4ed8-8370-eb4b911be7b5]"
2024-12-31 * "998 12345821 (KPAY) [5a706f32-7edc-48d8-ae47-62fee1e8bba1]" "Bill Payment for Bill #1212 #92fa0658-fc65-40e3-a0bb-b71470a9fc2e"
  contact: "998 12345821 (KPAY) [5a706f32-7edc-48d8-ae47-62fee1e8bba1]"
  Liabilities:CurrentLiabilities:AccountPayable 967.1 HKD
  type: "Bill Payment"
  sourceId: "92fa0658-fc65-40e3-a0bb-b71470a9fc2e"
  referenceNo: "1212"
  orderId: "c3cfa018-4a3c-4cef-ace6-82ac3f772917"
  Assets:CurrentAssets:Bank:KpayBank -967.1 HKD
  type: "Bill Payment"
  sourceId: "92fa0658-fc65-40e3-a0bb-b71470a9fc2e"
  referenceNo: "1212"
  orderId: "c3cfa018-4a3c-4cef-ace6-82ac3f772917"
2024-12-31 * "852 62244422 (Milways Gold Ltd 萬寶黄金有限公司) [2dcfeea3-ab5e-40a3-a0af-00101f3873fa]" "Bill Payment for Bill #1226 #a2a4b384-e996-47f1-b494-f7558b9faf13"
  contact: "852 62244422 (Milways Gold Ltd 萬寶黄金有限公司) [2dcfeea3-ab5e-40a3-a0af-00101f3873fa]"
  Liabilities:CurrentLiabilities:AccountPayable 135698.61 USDT
  type: "Bill Payment"
  sourceId: "a2a4b384-e996-47f1-b494-f7558b9faf13"
  referenceNo: "1226"
  orderId: "9d77b328-e702-4396-b1dc-48c46c7c7689"
  Assets:CurrentAssets:Wallet:DkkCWallet金料 -135698.61 USDT
  type: "Bill Payment"
  sourceId: "a2a4b384-e996-47f1-b494-f7558b9faf13"
  referenceNo: "1226"
  orderId: "9d77b328-e702-4396-b1dc-48c46c7c7689"
2024-12-31 * "Assets:CurrentAssets:Bank:KpayBank" "Invoice Payment for Invoice #557 #afa3885d-775f-49cc-8779-39042ac6c382"
  Assets:CurrentAssets:Bank:KpayBank 1500 HKD
  type: "Invoice Payment"
  sourceId: "afa3885d-775f-49cc-8779-39042ac6c382"
  referenceNo: "557"
  orderId: "9f9fe30a-aef7-42cd-831a-32b1b4e2c123"
  Assets:CurrentAssets:AccountReceivable -1500 HKD
  type: "Invoice Payment"
  sourceId: "afa3885d-775f-49cc-8779-39042ac6c382"
  referenceNo: "557"
  orderId: "9f9fe30a-aef7-42cd-831a-32b1b4e2c123"
  contact: "852 66707093 (Ms.CHAN) [13a61147-c439-4f09-816c-0e8e3ba4efa1]"