; ORDER transactions for 2024-11

2024-11-01 * "Bill #1139 ERIC~補貨/客訂"
  referenceNo: "1139"
  orderId: "5c4a4da9-c332-45c4-bf42-3c5f041f3d5c"
  type: "Bill"
  Expenses:CostOfSales:Purchase:PurchaseItem:Buy18kJewelry 1652.00 CNY
  category: "Jewelry"
  sku: "DD2024110100000002"
  qty: 1
  referenceNo: "1139"
  orderId: "5c4a4da9-c332-45c4-bf42-3c5f041f3d5c"
  type: "Bill Item"
  sourceId: "da04a364-5fc8-4a77-9b03-17d87ca6220b"
  Liabilities:CurrentLiabilities:AccountPayable
  referenceNo: "1139"
  orderId: "5c4a4da9-c332-45c4-bf42-3c5f041f3d5c"
  type: "Bill"
  sourceId: "5c4a4da9-c332-45c4-bf42-3c5f041f3d5c"
  contact: "86 97978678 (ERIC) [cb2cbf18-d8c3-40eb-a388-d7234ea70615]"
2024-11-01 * "Bill #1138 ERIC~補貨/客訂"
  referenceNo: "1138"
  orderId: "4712cadb-499f-424f-a94d-362c6e043859"
  type: "Bill"
  Expenses:CostOfSales:Purchase:PurchaseItem:Buy18kJewelry 2372.00 CNY
  category: "Jewelry"
  sku: "DD2024110100000001"
  qty: 1
  referenceNo: "1138"
  orderId: "4712cadb-499f-424f-a94d-362c6e043859"
  type: "Bill Item"
  sourceId: "fb7b4215-6bbd-4b7d-a088-b1b30c27f5c9"
  Liabilities:CurrentLiabilities:AccountPayable
  referenceNo: "1138"
  orderId: "4712cadb-499f-424f-a94d-362c6e043859"
  type: "Bill"
  sourceId: "4712cadb-499f-424f-a94d-362c6e043859"
  contact: "86 97978678 (ERIC) [cb2cbf18-d8c3-40eb-a388-d7234ea70615]"
2024-11-03 * "Bill #1140 18K DIAMOND RING SETTING"
  referenceNo: "1140"
  orderId: "44ded123-8b7c-4596-bf82-a05c04353b50"
  type: "Bill"
  Expenses:CostOfSales:Purchase:PurchaseItem:BuyBespoke 15000.00 HKD
  category: "Jewelry"
  sku: "DDBESPOKE00000003"
  qty: 1
  referenceNo: "1140"
  orderId: "44ded123-8b7c-4596-bf82-a05c04353b50"
  type: "Bill Item"
  sourceId: "e7a2f35e-33af-41c2-877f-3ccc28c64d1e"
  Liabilities:CurrentLiabilities:AccountPayable
  referenceNo: "1140"
  orderId: "44ded123-8b7c-4596-bf82-a05c04353b50"
  type: "Bill"
  sourceId: "44ded123-8b7c-4596-bf82-a05c04353b50"
  contact: "998 12345740 (PRESSUREWORKDESIGNCONSULTANTS) [205398a5-a6c5-4a09-938a-7308f6334f41]"
2024-11-03 * "Invoice #539 Bespoke 18K Ring Setting"
  Income:Sales:SalesItem:SellBespokeorotherFee -18000.00 HKD
  category: "Jewelry"
  sku: "DDBESPOKE00000003"
  qty: 1
  referenceNo: "539"
  orderId: "b5552219-afc8-4f6f-a682-133d66307f6d"
  type: "Invoice Item"
  sourceId: "942eac88-2c35-49ef-a1bd-31af1d26993d"
  Assets:CurrentAssets:AccountReceivable
  referenceNo: "539"
  orderId: "b5552219-afc8-4f6f-a682-133d66307f6d"
  type: "Invoice"
  sourceId: "b5552219-afc8-4f6f-a682-133d66307f6d"
  contact: "852 98688818 (jackychan) [bc00ba1e-6025-4211-bc55-3651dd739a79]"
2024-11-03 * "998 12345740 (PRESSUREWORKDESIGNCONSULTANTS) [205398a5-a6c5-4a09-938a-7308f6334f41]" "Bill Payment for Bill #1140 #ee8a41c6-8fb2-42aa-aad2-a62af41bd968"
  Liabilities:CurrentLiabilities:AccountPayable 15000.00 HKD
  contact: "998 12345740 (PRESSUREWORKDESIGNCONSULTANTS) [205398a5-a6c5-4a09-938a-7308f6334f41]"
  type: "Bill Payment"
  sourceId: "ee8a41c6-8fb2-42aa-aad2-a62af41bd968"
  referenceNo: "1140"
  orderId: "44ded123-8b7c-4596-bf82-a05c04353b50"
  Assets:CurrentAssets:Cash:CashInHand -15000.00 HKD
  type: "Bill Payment"
  sourceId: "ee8a41c6-8fb2-42aa-aad2-a62af41bd968"
  referenceNo: "1140"
  orderId: "44ded123-8b7c-4596-bf82-a05c04353b50"
2024-11-03 * "Assets:CurrentAssets:Cash:CashInHand" "Invoice Payment for Invoice #539 #55d26215-7c2b-469d-be83-00d615e6d6d1"
  Assets:CurrentAssets:Cash:CashInHand 18000.00 HKD
  type: "Invoice Payment"
  sourceId: "55d26215-7c2b-469d-be83-00d615e6d6d1"
  referenceNo: "539"
  orderId: "b5552219-afc8-4f6f-a682-133d66307f6d"
  Assets:CurrentAssets:AccountReceivable -18000.00 HKD
  type: "Invoice Payment"
  sourceId: "55d26215-7c2b-469d-be83-00d615e6d6d1"
  referenceNo: "539"
  orderId: "b5552219-afc8-4f6f-a682-133d66307f6d"
  contact: "852 98688818 (jackychan) [bc00ba1e-6025-4211-bc55-3651dd739a79]"
2024-11-05 * "Invoice #541 Order R24131 #13.5 / Stock N24136"
  Income:Sales:SalesItem:Sell18kJewelry -3300.00 HKD
  category: "Jewelry"
  sku: "DD2024102400000001"
  qty: 1
  referenceNo: "541"
  orderId: "44d44a0c-fc8f-4fb0-94e4-86b72d9146de"
  type: "Invoice Item"
  sourceId: "280a0113-682d-4d43-b5a9-2ab2549a0eb3"
  Income:Sales:SalesItem:Sell18kJewelry -2500.00 HKD
  category: "Jewelry"
  sku: "DD2024111600000003"
  qty: 1
  referenceNo: "541"
  orderId: "44d44a0c-fc8f-4fb0-94e4-86b72d9146de"
  type: "Invoice Item"
  sourceId: "4ab59d61-703e-4508-98a0-16269ea548a9"
  Assets:CurrentAssets:AccountReceivable
  referenceNo: "541"
  orderId: "44d44a0c-fc8f-4fb0-94e4-86b72d9146de"
  type: "Invoice"
  sourceId: "44d44a0c-fc8f-4fb0-94e4-86b72d9146de"
  contact: "852 62713239 (MrLee) [ba71d23c-c56d-4965-9ce7-9b3769dd63b1]"
2024-11-05 * "Invoice #540 Order R24131"
  Income:Sales:SalesItem:Sell18kJewelry -2500.00 HKD
  category: "Jewelry"
  sku: "DD2024120500000003"
  qty: 1
  referenceNo: "540"
  orderId: "37b61ba8-2a55-4f77-9c88-7c0082ebc69d"
  type: "Invoice Item"
  sourceId: "26ef51d2-79c6-467f-83fe-6f6ed843a63e"
  Assets:CurrentAssets:AccountReceivable
  referenceNo: "540"
  orderId: "37b61ba8-2a55-4f77-9c88-7c0082ebc69d"
  type: "Invoice"
  sourceId: "37b61ba8-2a55-4f77-9c88-7c0082ebc69d"
  contact: "852 68038629 (MSXENIATSANG) [4548b7f2-3e91-4627-ba2b-9bef14eac4e1]"
2024-11-05 * "Assets:CurrentAssets:Bank:BocSavingBank" "Invoice Payment for Invoice #540 #c556e25e-af5d-4488-ae30-33e570757f4b"
  Assets:CurrentAssets:Bank:BocSavingBank 2500.00 HKD
  type: "Invoice Payment"
  sourceId: "c556e25e-af5d-4488-ae30-33e570757f4b"
  referenceNo: "540"
  orderId: "37b61ba8-2a55-4f77-9c88-7c0082ebc69d"
  Assets:CurrentAssets:AccountReceivable -2500.00 HKD
  type: "Invoice Payment"
  sourceId: "c556e25e-af5d-4488-ae30-33e570757f4b"
  referenceNo: "540"
  orderId: "37b61ba8-2a55-4f77-9c88-7c0082ebc69d"
  contact: "852 68038629 (MSXENIATSANG) [4548b7f2-3e91-4627-ba2b-9bef14eac4e1]"
2024-11-05 * "Assets:CurrentAssets:Bank:KpayBank" "Invoice Payment for Invoice #541 #c90fe208-9662-4730-a249-c6d898ae9d3e"
  Assets:CurrentAssets:Bank:KpayBank 5800.00 HKD
  type: "Invoice Payment"
  sourceId: "c90fe208-9662-4730-a249-c6d898ae9d3e"
  referenceNo: "541"
  orderId: "44d44a0c-fc8f-4fb0-94e4-86b72d9146de"
  Assets:CurrentAssets:AccountReceivable -5800.00 HKD
  type: "Invoice Payment"
  sourceId: "c90fe208-9662-4730-a249-c6d898ae9d3e"
  referenceNo: "541"
  orderId: "44d44a0c-fc8f-4fb0-94e4-86b72d9146de"
  contact: "852 62713239 (MrLee) [ba71d23c-c56d-4965-9ce7-9b3769dd63b1]"
2024-11-06 * "Bill #1141 ERIC~補貨/客訂"
  referenceNo: "1141"
  orderId: "0fb82968-e04b-4e57-be34-6d841e2ae590"
  type: "Bill"
  Expenses:CostOfSales:Purchase:PurchaseItem:Buy18kJewelry 1906.00 CNY
  category: "Jewelry"
  sku: "DD2024110700000001"
  qty: 1
  referenceNo: "1141"
  orderId: "0fb82968-e04b-4e57-be34-6d841e2ae590"
  type: "Bill Item"
  sourceId: "1e5a769a-0d6c-4b39-9a3c-ed91f0c4e0ff"
  Liabilities:CurrentLiabilities:AccountPayable
  referenceNo: "1141"
  orderId: "0fb82968-e04b-4e57-be34-6d841e2ae590"
  type: "Bill"
  sourceId: "0fb82968-e04b-4e57-be34-6d841e2ae590"
  contact: "86 97978678 (ERIC) [cb2cbf18-d8c3-40eb-a388-d7234ea70615]"
2024-11-06 * "Assets:CurrentAssets:Bank:KpayBank" "Invoice Payment for Invoice #542 #6299b943-2c7a-4389-a0ae-5fe768414ac3"
  Assets:CurrentAssets:Bank:KpayBank 1927.00 HKD
  type: "Invoice Payment"
  sourceId: "6299b943-2c7a-4389-a0ae-5fe768414ac3"
  referenceNo: "542"
  orderId: "066dc5ec-b345-49f1-b029-cbd14119022f"
  Assets:CurrentAssets:AccountReceivable -1927.00 HKD
  type: "Invoice Payment"
  sourceId: "6299b943-2c7a-4389-a0ae-5fe768414ac3"
  referenceNo: "542"
  orderId: "066dc5ec-b345-49f1-b029-cbd14119022f"
  contact: "880 802 (Walkin) [42348712-7daa-4c29-93b7-756b472429a4]"
2024-11-06 * "Invoice #542 Stock Gold Jewellery 2.52g"
  Income:Sales:SalesItem:SellGoldJewelry -1927.00 HKD
  category: "Gold Jewelry"
  sku: "DDFF23051202000000000012"
  qty: 1
  referenceNo: "542"
  orderId: "066dc5ec-b345-49f1-b029-cbd14119022f"
  type: "Invoice Item"
  sourceId: "a84fde39-e015-42df-ba72-dcc3d9918a42"
  Assets:CurrentAssets:AccountReceivable
  referenceNo: "542"
  orderId: "066dc5ec-b345-49f1-b029-cbd14119022f"
  type: "Invoice"
  sourceId: "066dc5ec-b345-49f1-b029-cbd14119022f"
  contact: "880 802 (Walkin) [42348712-7daa-4c29-93b7-756b472429a4]"
2024-11-07 * "Assets:CurrentAssets:Bank:KpayBank" "Invoice Payment for Invoice #544 #91816e17-8af6-4b18-b722-ae875012c7a6"
  Assets:CurrentAssets:Bank:KpayBank 600.00 HKD
  type: "Invoice Payment"
  sourceId: "91816e17-8af6-4b18-b722-ae875012c7a6"
  referenceNo: "544"
  orderId: "50c4563a-5e76-464c-ac08-97adb95199f8"
  Assets:CurrentAssets:AccountReceivable -600.00 HKD
  type: "Invoice Payment"
  sourceId: "91816e17-8af6-4b18-b722-ae875012c7a6"
  referenceNo: "544"
  orderId: "50c4563a-5e76-464c-ac08-97adb95199f8"
  contact: "880 802 (Walkin) [42348712-7daa-4c29-93b7-756b472429a4]"
2024-11-07 * "Invoice #543 Stock Gold Jewellery 3.72g"
  Income:Sales:SalesItem:SellGoldJewelry -2845.00 HKD
  category: "Gold Jewelry"
  sku: "DD2310200000000000000232"
  qty: 1
  referenceNo: "543"
  orderId: "bfcd4c6c-7051-48c5-a763-47a2ced801ca"
  type: "Invoice Item"
  sourceId: "62579cf7-d4fd-425e-9ed3-d0809c9fa04d"
  Assets:CurrentAssets:AccountReceivable
  referenceNo: "543"
  orderId: "bfcd4c6c-7051-48c5-a763-47a2ced801ca"
  type: "Invoice"
  sourceId: "bfcd4c6c-7051-48c5-a763-47a2ced801ca"
  contact: "880 802 (Walkin) [42348712-7daa-4c29-93b7-756b472429a4]"
2024-11-07 * "Assets:CurrentAssets:Bank:KpayBank" "Invoice Payment for Invoice #543 #2becda89-54c5-4195-b02a-200aaa4f6181"
  Assets:CurrentAssets:Bank:KpayBank 2845.00 HKD
  type: "Invoice Payment"
  sourceId: "2becda89-54c5-4195-b02a-200aaa4f6181"
  referenceNo: "543"
  orderId: "bfcd4c6c-7051-48c5-a763-47a2ced801ca"
  Assets:CurrentAssets:AccountReceivable -2845.00 HKD
  type: "Invoice Payment"
  sourceId: "2becda89-54c5-4195-b02a-200aaa4f6181"
  referenceNo: "543"
  orderId: "bfcd4c6c-7051-48c5-a763-47a2ced801ca"
  contact: "880 802 (Walkin) [42348712-7daa-4c29-93b7-756b472429a4]"
2024-11-07 * "Invoice #544 Stock SAP2409"
  Income:Sales:SalesItem:SellGems -800.00 HKD
  category: "Gem"
  sku: "SAP2409"
  qty: 1
  referenceNo: "544"
  orderId: "50c4563a-5e76-464c-ac08-97adb95199f8"
  type: "Invoice Item"
  sourceId: "f120a875-2198-4cdc-9785-05448670034e"
  Assets:CurrentAssets:AccountReceivable
  referenceNo: "544"
  orderId: "50c4563a-5e76-464c-ac08-97adb95199f8"
  type: "Invoice"
  sourceId: "50c4563a-5e76-464c-ac08-97adb95199f8"
  contact: "880 802 (Walkin) [42348712-7daa-4c29-93b7-756b472429a4]"
2024-11-08 * "Assets:CurrentAssets:Bank:KpayBank" "Invoice Payment for Invoice #544 #a5d86089-6782-4ec9-b133-beb159b11efd"
  Assets:CurrentAssets:Bank:KpayBank 200.00 HKD
  type: "Invoice Payment"
  sourceId: "a5d86089-6782-4ec9-b133-beb159b11efd"
  referenceNo: "544"
  orderId: "50c4563a-5e76-464c-ac08-97adb95199f8"
  Assets:CurrentAssets:AccountReceivable -200.00 HKD
  type: "Invoice Payment"
  sourceId: "a5d86089-6782-4ec9-b133-beb159b11efd"
  referenceNo: "544"
  orderId: "50c4563a-5e76-464c-ac08-97adb95199f8"
  contact: "880 802 (Walkin) [42348712-7daa-4c29-93b7-756b472429a4]"
2024-11-10 * "Invoice #546 S0005 / GIA #5503579421"
  Income:Sales:SalesItem:SellDiamond -59000.00 HKD
  category: "Natural Diamond"
  sku: "5503579421"
  qty: 1
  referenceNo: "546"
  orderId: "961df576-0fd7-4ed5-96e1-6e74ae3dc2be"
  type: "Invoice Item"
  sourceId: "e26c0900-6050-4f8b-950a-864214b19d84"
  Income:Sales:SalesItem:Sell18kJewelry -3200.00 HKD
  category: "Ring Setting"
  sku: "DDFFFFFF0B00000000000033"
  qty: 1
  referenceNo: "546"
  orderId: "961df576-0fd7-4ed5-96e1-6e74ae3dc2be"
  type: "Invoice Item"
  sourceId: "a4a4315a-3543-453f-aa56-ad8180fc4d60"
  Income:Sales:SalesItem:Sell-ForProcess交外廠加工 -0.00 HKD
  category: "Other"
  sku: "Processing 040"
  qty: 1
  referenceNo: "546"
  orderId: "961df576-0fd7-4ed5-96e1-6e74ae3dc2be"
  type: "Invoice Item"
  sourceId: "322c07b5-4d95-4c94-883c-b7dcba1a9a19"
  Assets:CurrentAssets:AccountReceivable
  referenceNo: "546"
  orderId: "961df576-0fd7-4ed5-96e1-6e74ae3dc2be"
  type: "Invoice"
  sourceId: "961df576-0fd7-4ed5-96e1-6e74ae3dc2be"
  contact: "852 93810781 (MR.LO) [ea46e350-915c-4c5b-b4f4-902cfc71abaf]"
2024-11-10 * "Invoice #545 Stock Gold Jewellery 13.82g"
  Income:Sales:SalesItem:SellGoldJewelry -5675.00 HKD
  category: "Gold Jewelry"
  sku: "DDFF23051701000000000012"
  qty: 1
  referenceNo: "545"
  orderId: "66913bde-fa1c-483d-b574-558d9f3e8c0b"
  type: "Invoice Item"
  sourceId: "d4482ff0-bd88-4f58-a0aa-3edde4fd4c21"
  Income:Sales:SalesItem:SellGoldJewelry -5697.00 HKD
  category: "Gold Jewelry"
  sku: "DDFF23051703000000000053"
  qty: 1
  referenceNo: "545"
  orderId: "66913bde-fa1c-483d-b574-558d9f3e8c0b"
  type: "Invoice Item"
  sourceId: "561fca0f-0fe0-4c7a-bcd0-c1f2030b440a"
  Assets:CurrentAssets:AccountReceivable
  referenceNo: "545"
  orderId: "66913bde-fa1c-483d-b574-558d9f3e8c0b"
  type: "Invoice"
  sourceId: "66913bde-fa1c-483d-b574-558d9f3e8c0b"
  contact: "880 802 (Walkin) [42348712-7daa-4c29-93b7-756b472429a4]"
2024-11-10 * "Assets:CurrentAssets:Bank:KpayBank" "Invoice Payment for Invoice #545 #a0e8572d-8963-4d06-90fc-7c9c54028cc9"
  Assets:CurrentAssets:Bank:KpayBank 11372.00 HKD
  type: "Invoice Payment"
  sourceId: "a0e8572d-8963-4d06-90fc-7c9c54028cc9"
  referenceNo: "545"
  orderId: "66913bde-fa1c-483d-b574-558d9f3e8c0b"
  Assets:CurrentAssets:AccountReceivable -11372.00 HKD
  type: "Invoice Payment"
  sourceId: "a0e8572d-8963-4d06-90fc-7c9c54028cc9"
  referenceNo: "545"
  orderId: "66913bde-fa1c-483d-b574-558d9f3e8c0b"
  contact: "880 802 (Walkin) [42348712-7daa-4c29-93b7-756b472429a4]"
2024-11-10 * "Assets:CurrentAssets:Bank:KpayBank" "Invoice Payment for Invoice #546 #273a6b35-4047-4859-912e-3b471e6a8ea6"
  Assets:CurrentAssets:Bank:KpayBank 62200.00 HKD
  type: "Invoice Payment"
  sourceId: "273a6b35-4047-4859-912e-3b471e6a8ea6"
  referenceNo: "546"
  orderId: "961df576-0fd7-4ed5-96e1-6e74ae3dc2be"
  Assets:CurrentAssets:AccountReceivable -62200.00 HKD
  type: "Invoice Payment"
  sourceId: "273a6b35-4047-4859-912e-3b471e6a8ea6"
  referenceNo: "546"
  orderId: "961df576-0fd7-4ed5-96e1-6e74ae3dc2be"
  contact: "852 93810781 (MR.LO) [ea46e350-915c-4c5b-b4f4-902cfc71abaf]"
2024-11-12 * "998 12345715 (H.K.IMPEXPVT.LTD.) [7c8590e3-d40d-4e75-b083-cf41a9d75755]" "Bill Payment for Bill #1142 #d7ddb209-15a2-4c50-9476-52b2b2d737b0"
  Liabilities:CurrentLiabilities:AccountPayable 55.00 HKD
  contact: "998 12345715 (H.K.IMPEXPVT.LTD.) [7c8590e3-d40d-4e75-b083-cf41a9d75755]"
  type: "Bill Payment"
  sourceId: "d7ddb209-15a2-4c50-9476-52b2b2d737b0"
  referenceNo: "1142"
  orderId: "2aa5d9c8-7433-4096-82c5-518bd2c2ea18"
  Assets:CurrentAssets:Bank:BocSavingBank -55.00 HKD
  type: "Bill Payment"
  sourceId: "d7ddb209-15a2-4c50-9476-52b2b2d737b0"
  referenceNo: "1142"
  orderId: "2aa5d9c8-7433-4096-82c5-518bd2c2ea18"
2024-11-12 * "998 12345715 (H.K.IMPEXPVT.LTD.) [7c8590e3-d40d-4e75-b083-cf41a9d75755]" "Bill Payment for Bill #1142 #5d9b477e-c5a7-45a3-a162-f3d02faa3688"
  Liabilities:CurrentLiabilities:AccountPayable 55000.39 HKD
  contact: "998 12345715 (H.K.IMPEXPVT.LTD.) [7c8590e3-d40d-4e75-b083-cf41a9d75755]"
  type: "Bill Payment"
  sourceId: "5d9b477e-c5a7-45a3-a162-f3d02faa3688"
  referenceNo: "1142"
  orderId: "2aa5d9c8-7433-4096-82c5-518bd2c2ea18"
  Assets:CurrentAssets:Bank:BocSavingBank -55000.39 HKD
  type: "Bill Payment"
  sourceId: "5d9b477e-c5a7-45a3-a162-f3d02faa3688"
  referenceNo: "1142"
  orderId: "2aa5d9c8-7433-4096-82c5-518bd2c2ea18"
2024-11-12 * "Bill #1142 GIA 1.03CT"
  referenceNo: "1142"
  orderId: "2aa5d9c8-7433-4096-82c5-518bd2c2ea18"
  type: "Bill"
  Expenses:CostOfSales:Purchase:PurchaseItem:BuyDiamond 55000.39 HKD
  category: "Natural Diamond"
  sku: "5503579421"
  qty: 1
  referenceNo: "1142"
  orderId: "2aa5d9c8-7433-4096-82c5-518bd2c2ea18"
  type: "Bill Item"
  sourceId: "b87d6371-cdb0-4af1-b21c-a38767a8c04f"
  Expenses:GeneralExpense:BankFeesExpense 55.00 HKD
  qty: "1"
  description: "BANK FEE "
  referenceNo: "1142"
  orderId: "2aa5d9c8-7433-4096-82c5-518bd2c2ea18"
  type: "Bill Item"
  sourceId: "b2e26dbd-c199-40ea-9988-1a12f7617fc8"
  Liabilities:CurrentLiabilities:AccountPayable
  referenceNo: "1142"
  orderId: "2aa5d9c8-7433-4096-82c5-518bd2c2ea18"
  type: "Bill"
  sourceId: "2aa5d9c8-7433-4096-82c5-518bd2c2ea18"
  contact: "998 12345715 (H.K.IMPEXPVT.LTD.) [7c8590e3-d40d-4e75-b083-cf41a9d75755]"
2024-11-13 * "Bill #1167 G17電費(2024-11月)"
  referenceNo: "1167"
  orderId: "f6333bd6-cb37-48f8-9529-9f0563a15712"
  type: "Bill"
  Expenses:GeneralExpense:ElectricityLightHeating 1973.00 HKD
  qty: "1"
  description: "G17電費(2024-11月)"
  referenceNo: "1167"
  orderId: "f6333bd6-cb37-48f8-9529-9f0563a15712"
  type: "Bill Item"
  sourceId: "56da2b1d-7920-406a-8177-230ad018b401"
  Liabilities:CurrentLiabilities:AccountPayable
  referenceNo: "1167"
  orderId: "f6333bd6-cb37-48f8-9529-9f0563a15712"
  type: "Bill"
  sourceId: "f6333bd6-cb37-48f8-9529-9f0563a15712"
  contact: "880 806 () [53b8789a-4451-4a1f-84f7-a9c5da7ada1a]"
2024-11-13 * "880 806 () [53b8789a-4451-4a1f-84f7-a9c5da7ada1a]" "Bill Payment for Bill #1167 #3dc3e5ab-14de-4395-aed5-02496f47e75e"
  Liabilities:CurrentLiabilities:AccountPayable 1973.00 HKD
  contact: "880 806 () [53b8789a-4451-4a1f-84f7-a9c5da7ada1a]"
  type: "Bill Payment"
  sourceId: "3dc3e5ab-14de-4395-aed5-02496f47e75e"
  referenceNo: "1167"
  orderId: "f6333bd6-cb37-48f8-9529-9f0563a15712"
  Liabilities:CurrentLiabilities:CurrentAccount:C-a-MilrichElectronicsHkCoLtd -1973.00 HKD
  type: "Bill Payment"
  sourceId: "3dc3e5ab-14de-4395-aed5-02496f47e75e"
  referenceNo: "1167"
  orderId: "f6333bd6-cb37-48f8-9529-9f0563a15712"
2024-11-13 * "Invoice #547 1 SAPPHIRE 1.18CT"
  Income:Sales:SalesItem:SellGems -800.00 HKD
  category: "Gem"
  sku: "SAP2415"
  qty: 1
  referenceNo: "547"
  orderId: "a93997cc-11ed-4899-85fe-28cd5ed02928"
  type: "Invoice Item"
  sourceId: "7bc20bac-bd75-4057-ba33-35aa417353e4"
  Assets:CurrentAssets:AccountReceivable
  referenceNo: "547"
  orderId: "a93997cc-11ed-4899-85fe-28cd5ed02928"
  type: "Invoice"
  sourceId: "a93997cc-11ed-4899-85fe-28cd5ed02928"
  contact: "852 64331848 (MsNG) [aa1c137f-d2a1-4656-ba89-3490f803bbdb]"
2024-11-13 * "Assets:CurrentAssets:Bank:KpayBank" "Invoice Payment for Invoice #547 #cacb7d39-b540-404e-a0db-906db23ece01"
  Assets:CurrentAssets:Bank:KpayBank 800.00 HKD
  type: "Invoice Payment"
  sourceId: "cacb7d39-b540-404e-a0db-906db23ece01"
  referenceNo: "547"
  orderId: "a93997cc-11ed-4899-85fe-28cd5ed02928"
  Assets:CurrentAssets:AccountReceivable -800.00 HKD
  type: "Invoice Payment"
  sourceId: "cacb7d39-b540-404e-a0db-906db23ece01"
  referenceNo: "547"
  orderId: "a93997cc-11ed-4899-85fe-28cd5ed02928"
  contact: "852 64331848 (MsNG) [aa1c137f-d2a1-4656-ba89-3490f803bbdb]"
2024-11-14 * "Bill #1150 Ref INV#824 (鑲石)"
  referenceNo: "1150"
  orderId: "3da075f8-ac6c-4ac0-8e1e-3b0c4c8f2a4b"
  type: "Bill"
  Expenses:CostOfSales:Purchase:PurchaseItem:BuyCost-ProcessingFee 500.00 HKD
  category: "Other"
  sku: "Processing 040"
  qty: 1
  referenceNo: "1150"
  orderId: "3da075f8-ac6c-4ac0-8e1e-3b0c4c8f2a4b"
  type: "Bill Item"
  sourceId: "fdceba32-d263-4db5-8abc-e1c4038de130"
  Liabilities:CurrentLiabilities:AccountPayable
  referenceNo: "1150"
  orderId: "3da075f8-ac6c-4ac0-8e1e-3b0c4c8f2a4b"
  type: "Bill"
  sourceId: "3da075f8-ac6c-4ac0-8e1e-3b0c4c8f2a4b"
  contact: "852 96221974 (強哥首飾加工師傅) [cef6a8eb-0892-4a7c-bfdc-328752af4fd5]"
2024-11-14 * "852 96221974 (強哥首飾加工師傅) [cef6a8eb-0892-4a7c-bfdc-328752af4fd5]" "Bill Payment for Bill #1150 #9318a340-1e55-4315-a885-b242f71ebd62"
  Liabilities:CurrentLiabilities:AccountPayable 500.00 HKD
  contact: "852 96221974 (強哥首飾加工師傅) [cef6a8eb-0892-4a7c-bfdc-328752af4fd5]"
  type: "Bill Payment"
  sourceId: "9318a340-1e55-4315-a885-b242f71ebd62"
  referenceNo: "1150"
  orderId: "3da075f8-ac6c-4ac0-8e1e-3b0c4c8f2a4b"
  Assets:CurrentAssets:Cash:CashInHand -500.00 HKD
  type: "Bill Payment"
  sourceId: "9318a340-1e55-4315-a885-b242f71ebd62"
  referenceNo: "1150"
  orderId: "3da075f8-ac6c-4ac0-8e1e-3b0c4c8f2a4b"
2024-11-14 * "Invoice #550 Stock N2214 INV#549-554"
  Income:Sales:SalesItem:Sell18kJewelry -1400.00 HKD
  category: "Jewelry"
  sku: "DDFFFFFF0300000000000002"
  qty: 1
  referenceNo: "550"
  orderId: "203a187d-d732-4daa-a07e-110439192d0e"
  type: "Invoice Item"
  sourceId: "a70cff45-b102-411d-ab59-d4601acf8af2"
  Assets:CurrentAssets:AccountReceivable
  referenceNo: "550"
  orderId: "203a187d-d732-4daa-a07e-110439192d0e"
  type: "Invoice"
  sourceId: "203a187d-d732-4daa-a07e-110439192d0e"
  contact: "880 802 (Walkin) [42348712-7daa-4c29-93b7-756b472429a4]"
2024-11-14 * "Invoice #549 Stock N2212 INV#549-554"
  Income:Sales:SalesItem:Sell18kJewelry -1400.00 HKD
  category: "Jewelry"
  sku: "DDFFFFFF0300000000000025"
  qty: 1
  referenceNo: "549"
  orderId: "17536448-46b7-4d2f-a1ec-c922a8fe3c77"
  type: "Invoice Item"
  sourceId: "3059a178-f917-458b-96e4-05c7d8ab320f"
  Assets:CurrentAssets:AccountReceivable
  referenceNo: "549"
  orderId: "17536448-46b7-4d2f-a1ec-c922a8fe3c77"
  type: "Invoice"
  sourceId: "17536448-46b7-4d2f-a1ec-c922a8fe3c77"
  contact: "880 802 (Walkin) [42348712-7daa-4c29-93b7-756b472429a4]"
2024-11-14 * "Assets:CurrentAssets:Bank:KpayBank" "Invoice Payment for Invoice #549 #67430b13-6980-4622-8c2d-00df9f0c3abe"
  Assets:CurrentAssets:Bank:KpayBank 1400.00 HKD
  type: "Invoice Payment"
  sourceId: "67430b13-6980-4622-8c2d-00df9f0c3abe"
  referenceNo: "549"
  orderId: "17536448-46b7-4d2f-a1ec-c922a8fe3c77"
  Assets:CurrentAssets:AccountReceivable -1400.00 HKD
  type: "Invoice Payment"
  sourceId: "67430b13-6980-4622-8c2d-00df9f0c3abe"
  referenceNo: "549"
  orderId: "17536448-46b7-4d2f-a1ec-c922a8fe3c77"
  contact: "880 802 (Walkin) [42348712-7daa-4c29-93b7-756b472429a4]"
2024-11-14 * "Assets:CurrentAssets:Bank:KpayBank" "Invoice Payment for Invoice #550 #8ff36aaf-55c4-43bf-a89a-8f6e2c8d0bd7"
  Assets:CurrentAssets:Bank:KpayBank 1400.00 HKD
  type: "Invoice Payment"
  sourceId: "8ff36aaf-55c4-43bf-a89a-8f6e2c8d0bd7"
  referenceNo: "550"
  orderId: "203a187d-d732-4daa-a07e-110439192d0e"
  Assets:CurrentAssets:AccountReceivable -1400.00 HKD
  type: "Invoice Payment"
  sourceId: "8ff36aaf-55c4-43bf-a89a-8f6e2c8d0bd7"
  referenceNo: "550"
  orderId: "203a187d-d732-4daa-a07e-110439192d0e"
  contact: "880 802 (Walkin) [42348712-7daa-4c29-93b7-756b472429a4]"
2024-11-14 * "Invoice #551 Stock N2205 INV#549-554"
  Income:Sales:SalesItem:Sell18kJewelry -1400.00 HKD
  category: "Jewelry"
  sku: "DDFFFFFF0300000000000001"
  qty: 1
  referenceNo: "551"
  orderId: "35ad0cb7-fe47-4f5a-989f-512622bfbcd1"
  type: "Invoice Item"
  sourceId: "aa56b869-0c8f-4ef1-8766-7634b82e8d0c"
  Assets:CurrentAssets:AccountReceivable
  referenceNo: "551"
  orderId: "35ad0cb7-fe47-4f5a-989f-512622bfbcd1"
  type: "Invoice"
  sourceId: "35ad0cb7-fe47-4f5a-989f-512622bfbcd1"
  contact: "880 802 (Walkin) [42348712-7daa-4c29-93b7-756b472429a4]"
2024-11-14 * "Assets:CurrentAssets:Bank:KpayBank" "Invoice Payment for Invoice #551 #7afedba6-a2c4-4b20-a10c-c87a1f988e76"
  Assets:CurrentAssets:Bank:KpayBank 1400.00 HKD
  type: "Invoice Payment"
  sourceId: "7afedba6-a2c4-4b20-a10c-c87a1f988e76"
  referenceNo: "551"
  orderId: "35ad0cb7-fe47-4f5a-989f-512622bfbcd1"
  Assets:CurrentAssets:AccountReceivable -1400.00 HKD
  type: "Invoice Payment"
  sourceId: "7afedba6-a2c4-4b20-a10c-c87a1f988e76"
  referenceNo: "551"
  orderId: "35ad0cb7-fe47-4f5a-989f-512622bfbcd1"
  contact: "880 802 (Walkin) [42348712-7daa-4c29-93b7-756b472429a4]"
2024-11-14 * "Invoice #552 Stock R2138 INV#549-554"
  Income:Sales:SalesItem:Sell18kJewelry -2700.00 HKD
  category: "Jewelry"
  sku: "DDFFFFFF0500000000000030"
  qty: 1
  referenceNo: "552"
  orderId: "5db7cc3f-76a6-46a4-b3c4-5e1626468f6d"
  type: "Invoice Item"
  sourceId: "7ce5d95e-93ca-4c0c-998b-e63bb99b38ad"
  Assets:CurrentAssets:AccountReceivable
  referenceNo: "552"
  orderId: "5db7cc3f-76a6-46a4-b3c4-5e1626468f6d"
  type: "Invoice"
  sourceId: "5db7cc3f-76a6-46a4-b3c4-5e1626468f6d"
  contact: "880 802 (Walkin) [42348712-7daa-4c29-93b7-756b472429a4]"
2024-11-14 * "Assets:CurrentAssets:Bank:KpayBank" "Invoice Payment for Invoice #552 #14462aaf-72dd-4587-9c36-dab3180b914a"
  Assets:CurrentAssets:Bank:KpayBank 2700.00 HKD
  type: "Invoice Payment"
  sourceId: "14462aaf-72dd-4587-9c36-dab3180b914a"
  referenceNo: "552"
  orderId: "5db7cc3f-76a6-46a4-b3c4-5e1626468f6d"
  Assets:CurrentAssets:AccountReceivable -2700.00 HKD
  type: "Invoice Payment"
  sourceId: "14462aaf-72dd-4587-9c36-dab3180b914a"
  referenceNo: "552"
  orderId: "5db7cc3f-76a6-46a4-b3c4-5e1626468f6d"
  contact: "880 802 (Walkin) [42348712-7daa-4c29-93b7-756b472429a4]"
2024-11-14 * "Invoice #554 Stock N2112 INV#549-554"
  Income:Sales:SalesItem:Sell18kJewelry -4300.00 HKD
  category: "Jewelry"
  sku: "DDFFFFFF0300000000000023"
  qty: 1
  referenceNo: "554"
  orderId: "0e51766a-01e4-4a98-8a56-36981a1f900f"
  type: "Invoice Item"
  sourceId: "19c8226c-269f-43e5-bbd4-19add241c444"
  Assets:CurrentAssets:AccountReceivable
  referenceNo: "554"
  orderId: "0e51766a-01e4-4a98-8a56-36981a1f900f"
  type: "Invoice"
  sourceId: "0e51766a-01e4-4a98-8a56-36981a1f900f"
  contact: "880 802 (Walkin) [42348712-7daa-4c29-93b7-756b472429a4]"
2024-11-14 * "Assets:CurrentAssets:Bank:KpayBank" "Invoice Payment for Invoice #554 #db51104b-c730-48b7-a492-17be5ae6cea6"
  Assets:CurrentAssets:Bank:KpayBank 4300.00 HKD
  type: "Invoice Payment"
  sourceId: "db51104b-c730-48b7-a492-17be5ae6cea6"
  referenceNo: "554"
  orderId: "0e51766a-01e4-4a98-8a56-36981a1f900f"
  Assets:CurrentAssets:AccountReceivable -4300.00 HKD
  type: "Invoice Payment"
  sourceId: "db51104b-c730-48b7-a492-17be5ae6cea6"
  referenceNo: "554"
  orderId: "0e51766a-01e4-4a98-8a56-36981a1f900f"
  contact: "880 802 (Walkin) [42348712-7daa-4c29-93b7-756b472429a4]"
2024-11-15 * "Bill #1151 ERIC~補貨/客訂"
  referenceNo: "1151"
  orderId: "42a00d47-9684-426b-8bde-453473033d56"
  type: "Bill"
  Expenses:CostOfSales:Purchase:PurchaseItem:Buy18kJewelry 1788.00 CNY
  category: "Jewelry"
  sku: "DDBESPOKE00000004"
  qty: 1
  referenceNo: "1151"
  orderId: "42a00d47-9684-426b-8bde-453473033d56"
  type: "Bill Item"
  sourceId: "acb54b35-7823-49d1-a92b-9e525b127291"
  Expenses:CostOfSales:Purchase:PurchaseItem:Buy18kJewelry 2104.00 CNY
  category: "Jewelry"
  sku: "DDBESPOKE0000005"
  qty: 1
  referenceNo: "1151"
  orderId: "42a00d47-9684-426b-8bde-453473033d56"
  type: "Bill Item"
  sourceId: "b86cc670-3f39-43d7-a521-a4fcbc946e51"
  Liabilities:CurrentLiabilities:AccountPayable
  referenceNo: "1151"
  orderId: "42a00d47-9684-426b-8bde-453473033d56"
  type: "Bill"
  sourceId: "42a00d47-9684-426b-8bde-453473033d56"
  contact: "86 97978678 (ERIC) [cb2cbf18-d8c3-40eb-a388-d7234ea70615]"
2024-11-15 * "Invoice #557 客訂彩虹戒指#11"
  Income:Sales:SalesItem:Sell18kJewelry -2500.00 HKD
  category: "Jewelry"
  sku: "DD2024123100000001"
  qty: 1
  referenceNo: "557"
  orderId: "9f9fe30a-aef7-42cd-831a-32b1b4e2c123"
  type: "Invoice Item"
  sourceId: "60073d96-33ed-4061-bc44-584a711cecec"
  Assets:CurrentAssets:AccountReceivable
  referenceNo: "557"
  orderId: "9f9fe30a-aef7-42cd-831a-32b1b4e2c123"
  type: "Invoice"
  sourceId: "9f9fe30a-aef7-42cd-831a-32b1b4e2c123"
  contact: "852 66707093 (Ms.CHAN) [13a61147-c439-4f09-816c-0e8e3ba4efa1]"
2024-11-15 * "Bill #1148 ERIC~補貨/客訂"
  referenceNo: "1148"
  orderId: "bf2b0eb2-bbbb-4023-bc60-3baea07693f8"
  type: "Bill"
  Expenses:CostOfSales:Purchase:PurchaseItem:Buy18kJewelry 1850.00 CNY
  category: "Jewelry"
  sku: "DD2024111600000003"
  qty: 1
  referenceNo: "1148"
  orderId: "bf2b0eb2-bbbb-4023-bc60-3baea07693f8"
  type: "Bill Item"
  sourceId: "b8ee0253-e3a1-40d2-8cb2-3668bbc54e44"
  Expenses:CostOfSales:Purchase:PurchaseItem:Buy18kJewelry 1850.00 CNY
  category: "Jewelry"
  sku: "DD2024111600000002"
  qty: 1
  referenceNo: "1148"
  orderId: "bf2b0eb2-bbbb-4023-bc60-3baea07693f8"
  type: "Bill Item"
  sourceId: "092732d9-6a60-4899-8ba0-d37fd262cd90"
  Expenses:CostOfSales:Purchase:PurchaseItem:Buy18kJewelry 2089.00 CNY
  category: "Jewelry"
  sku: "DD2024111600000001"
  qty: 1
  referenceNo: "1148"
  orderId: "bf2b0eb2-bbbb-4023-bc60-3baea07693f8"
  type: "Bill Item"
  sourceId: "b5fb415b-3662-43f8-ac94-80a88d478fba"
  Expenses:CostOfSales:Purchase:PurchaseItem:Buy18kJewelry 2180.00 CNY
  category: "Jewelry"
  sku: "DD2024111600000004"
  qty: 1
  referenceNo: "1148"
  orderId: "bf2b0eb2-bbbb-4023-bc60-3baea07693f8"
  type: "Bill Item"
  sourceId: "b6ac3207-af04-43f7-8050-66f2a780dbca"
  Liabilities:CurrentLiabilities:AccountPayable
  referenceNo: "1148"
  orderId: "bf2b0eb2-bbbb-4023-bc60-3baea07693f8"
  type: "Bill"
  sourceId: "bf2b0eb2-bbbb-4023-bc60-3baea07693f8"
  contact: "86 97978678 (ERIC) [cb2cbf18-d8c3-40eb-a388-d7234ea70615]"
2024-11-16 * "Bill #1149 GIA EIF 3.05"
  referenceNo: "1149"
  orderId: "31004384-b0dc-40cc-92aa-889a40c1acb8"
  type: "Bill"
  Expenses:CostOfSales:Purchase:PurchaseItem:BuyDiamond 74115.00 USD
  category: "Natural Diamond"
  sku: "7486912333"
  qty: 1
  referenceNo: "1149"
  orderId: "31004384-b0dc-40cc-92aa-889a40c1acb8"
  type: "Bill Item"
  sourceId: "9009752a-fedb-4410-ba5c-b5e6a61169ba"
  Liabilities:CurrentLiabilities:AccountPayable
  referenceNo: "1149"
  orderId: "31004384-b0dc-40cc-92aa-889a40c1acb8"
  type: "Bill"
  sourceId: "31004384-b0dc-40cc-92aa-889a40c1acb8"
  contact: "852 31651680 (BEAUTYGEMSLTD.) [4a09f8d7-5aae-4d59-99d2-be869e64dda3]"
2024-11-16 * "852 31651680 (BEAUTYGEMSLTD.) [4a09f8d7-5aae-4d59-99d2-be869e64dda3]" "Bill Payment for Bill #1149 #3335fdd2-91ea-43f2-a0c1-c7eab2c5dfa1"
  Liabilities:CurrentLiabilities:AccountPayable 74115.00 USD
  contact: "852 31651680 (BEAUTYGEMSLTD.) [4a09f8d7-5aae-4d59-99d2-be869e64dda3]"
  type: "Bill Payment"
  sourceId: "3335fdd2-91ea-43f2-a0c1-c7eab2c5dfa1"
  referenceNo: "1149"
  orderId: "31004384-b0dc-40cc-92aa-889a40c1acb8"
  Liabilities:CurrentLiabilities:CurrentAccount:C-a-MilrichElectronicsHkCoLtd -74115.00 USD
  type: "Bill Payment"
  sourceId: "3335fdd2-91ea-43f2-a0c1-c7eab2c5dfa1"
  referenceNo: "1149"
  orderId: "31004384-b0dc-40cc-92aa-889a40c1acb8"
2024-11-16 * "Invoice #683 Order R24126 / R24125"
  Income:Sales:SalesItem:Sell18kJewelry -2500.00 HKD
  category: "Jewelry"
  sku: "DD2024112600000002"
  qty: 1
  referenceNo: "683"
  orderId: "c2fb1cc3-075b-4755-9c29-5f1f535ba594"
  type: "Invoice Item"
  sourceId: "dd3f9ec5-c8b4-4028-8a38-8969acabc31e"
  Income:Sales:SalesItem:Sell18kJewelry -2500.00 HKD
  category: "Jewelry"
  sku: "DD2024120500000005"
  qty: 1
  referenceNo: "683"
  orderId: "c2fb1cc3-075b-4755-9c29-5f1f535ba594"
  type: "Invoice Item"
  sourceId: "cd4ad094-1aa9-4566-b5c2-5004cdb6a095"
  Assets:CurrentAssets:AccountReceivable
  referenceNo: "683"
  orderId: "c2fb1cc3-075b-4755-9c29-5f1f535ba594"
  type: "Invoice"
  sourceId: "c2fb1cc3-075b-4755-9c29-5f1f535ba594"
  contact: "852 94088246 (JefferyLai) [3b53a0a8-bbd8-4a05-b82b-a7b1be3630ee]"
2024-11-16 * "Invoice #553 Diamond GIA #7486912333"
  Income:Sales:SalesItem:SellDiamond -588000.00 HKD
  category: "Natural Diamond"
  sku: "7486912333"
  qty: 1
  referenceNo: "553"
  orderId: "4c0b57d9-662a-42c0-8f3a-f345ff707b9b"
  type: "Invoice Item"
  sourceId: "310c871b-7c90-48d6-a4af-cb1637565a10"
  Assets:CurrentAssets:AccountReceivable
  referenceNo: "553"
  orderId: "4c0b57d9-662a-42c0-8f3a-f345ff707b9b"
  type: "Invoice"
  sourceId: "4c0b57d9-662a-42c0-8f3a-f345ff707b9b"
  contact: "852 67614217 (小紅莊) [87264177-df1a-4480-b25a-b7a7d95e382e]"
2024-11-16 * "Assets:CurrentAssets:Cash:CashInHand" "Invoice Payment for Invoice #553 #3030b947-159e-43f2-8680-85cdcbda0985"
  Assets:CurrentAssets:Cash:CashInHand 588000.00 HKD
  type: "Invoice Payment"
  sourceId: "3030b947-159e-43f2-8680-85cdcbda0985"
  referenceNo: "553"
  orderId: "4c0b57d9-662a-42c0-8f3a-f345ff707b9b"
  Assets:CurrentAssets:AccountReceivable -588000.00 HKD
  type: "Invoice Payment"
  sourceId: "3030b947-159e-43f2-8680-85cdcbda0985"
  referenceNo: "553"
  orderId: "4c0b57d9-662a-42c0-8f3a-f345ff707b9b"
  contact: "852 67614217 (小紅莊) [87264177-df1a-4480-b25a-b7a7d95e382e]"
2024-11-16 * "Assets:CurrentAssets:Bank:KpayBank" "Invoice Payment for Invoice #683 #13169df3-2c7e-40fc-aafd-53bf0ea39c2f"
  Assets:CurrentAssets:Bank:KpayBank 2500.00 HKD
  type: "Invoice Payment"
  sourceId: "13169df3-2c7e-40fc-aafd-53bf0ea39c2f"
  referenceNo: "683"
  orderId: "c2fb1cc3-075b-4755-9c29-5f1f535ba594"
  Assets:CurrentAssets:AccountReceivable -2500.00 HKD
  type: "Invoice Payment"
  sourceId: "13169df3-2c7e-40fc-aafd-53bf0ea39c2f"
  referenceNo: "683"
  orderId: "c2fb1cc3-075b-4755-9c29-5f1f535ba594"
  contact: "852 94088246 (JefferyLai) [3b53a0a8-bbd8-4a05-b82b-a7b1be3630ee]"
2024-11-17 * "Invoice #555 R24131#14"
  Income:Sales:SalesItem:Sell18kJewelry -2500.00 HKD
  category: "Jewelry"
  sku: "DD2024090800000002"
  qty: 1
  referenceNo: "555"
  orderId: "b16a7aff-edc6-4798-9744-a4cf96de6f78"
  type: "Invoice Item"
  sourceId: "acf6556c-c03f-4458-b897-a8edd7c99a95"
  Assets:CurrentAssets:AccountReceivable
  referenceNo: "555"
  orderId: "b16a7aff-edc6-4798-9744-a4cf96de6f78"
  type: "Invoice"
  sourceId: "b16a7aff-edc6-4798-9744-a4cf96de6f78"
  contact: "852 60772290 (RainbowMan) [e4e61b47-28c5-4337-9624-a32f61f58df2]"
2024-11-17 * "Assets:CurrentAssets:Bank:BocSavingBank" "Invoice Payment for Invoice #555 #f258ad0e-b990-49b0-9c52-0138031ecc57"
  Assets:CurrentAssets:Bank:BocSavingBank 2500.00 HKD
  type: "Invoice Payment"
  sourceId: "f258ad0e-b990-49b0-9c52-0138031ecc57"
  referenceNo: "555"
  orderId: "b16a7aff-edc6-4798-9744-a4cf96de6f78"
  Assets:CurrentAssets:AccountReceivable -2500.00 HKD
  type: "Invoice Payment"
  sourceId: "f258ad0e-b990-49b0-9c52-0138031ecc57"
  referenceNo: "555"
  orderId: "b16a7aff-edc6-4798-9744-a4cf96de6f78"
  contact: "852 60772290 (RainbowMan) [e4e61b47-28c5-4337-9624-a32f61f58df2]"
2024-11-17 * "Invoice #560 GOLD 1GX5"
  Income:Sales:SalesItem:SellGoldJewelry -3350.00 HKD
  category: "Gold Jewelry"
  sku: "GN000001"
  qty: 5
  referenceNo: "560"
  orderId: "41699e25-772b-4b51-a49e-b69d2637f8bb"
  type: "Invoice Item"
  sourceId: "5e95ff8d-b71a-44b8-a7c6-3091e46028b5"
  Assets:CurrentAssets:AccountReceivable
  referenceNo: "560"
  orderId: "41699e25-772b-4b51-a49e-b69d2637f8bb"
  type: "Invoice"
  sourceId: "41699e25-772b-4b51-a49e-b69d2637f8bb"
  contact: "852 94636185 (MSCHUNG) [4ec9a5b3-85cf-4548-8771-12a2be448c19]"
2024-11-18 * "Liabilities:CurrentLiabilities:CurrentAccount:C-a-DirectorDavidKwan" "Invoice Payment for Invoice #556 #6cccfadd-2c62-4747-8a34-ee47c0814b81"
  Liabilities:CurrentLiabilities:CurrentAccount:C-a-DirectorDavidKwan 4973.00 HKD
  type: "Invoice Payment"
  sourceId: "6cccfadd-2c62-4747-8a34-ee47c0814b81"
  referenceNo: "556"
  orderId: "8364fe7a-d86a-4ccb-9420-958f3b4b84c2"
  Assets:CurrentAssets:AccountReceivable -4973.00 HKD
  type: "Invoice Payment"
  sourceId: "6cccfadd-2c62-4747-8a34-ee47c0814b81"
  referenceNo: "556"
  orderId: "8364fe7a-d86a-4ccb-9420-958f3b4b84c2"
  contact: "998 12345708 (DavidKwan(Director)) [02ab8da0-959b-440e-9733-c02eab1b0288]"
2024-11-18 * "Assets:CurrentAssets:Bank:BocSavingBank" "Invoice Payment for Invoice #535 #625385a3-9ba4-47a6-a406-d51532753bd3"
  Assets:CurrentAssets:Bank:BocSavingBank 1650.00 HKD
  type: "Invoice Payment"
  sourceId: "625385a3-9ba4-47a6-a406-d51532753bd3"
  referenceNo: "535"
  orderId: "8ecce2fd-4142-4ed1-b300-54a88da62b93"
  Assets:CurrentAssets:AccountReceivable -1650.00 HKD
  type: "Invoice Payment"
  sourceId: "625385a3-9ba4-47a6-a406-d51532753bd3"
  referenceNo: "535"
  orderId: "8ecce2fd-4142-4ed1-b300-54a88da62b93"
  contact: "852 94103674 (MSCAROLCHAU) [a0d34903-2300-4b23-b064-054a3db19330]"
2024-11-18 * "Invoice #556 PT950 RING SETTING X2 /SAPPHIRE 1.14CT /1.OOCT"
  Income:Sales:SalesItem:SellBespokeorotherFee -1917.00 HKD
  category: "Jewelry"
  sku: "DDBESPOKE00000004"
  qty: 1
  referenceNo: "556"
  orderId: "8364fe7a-d86a-4ccb-9420-958f3b4b84c2"
  type: "Invoice Item"
  sourceId: "4d0d518d-970a-4aa7-bb89-17dc8835184c"
  Income:Sales:SalesItem:SellGems -400.00 HKD
  category: "Gem"
  sku: "SAP2405"
  qty: 1
  referenceNo: "556"
  orderId: "8364fe7a-d86a-4ccb-9420-958f3b4b84c2"
  type: "Invoice Item"
  sourceId: "461328e5-a574-45ac-b5b4-623793c083d5"
  Income:Sales:SalesItem:SellBespokeorotherFee -2256.00 HKD
  category: "Jewelry"
  sku: "DDBESPOKE0000005"
  qty: 1
  referenceNo: "556"
  orderId: "8364fe7a-d86a-4ccb-9420-958f3b4b84c2"
  type: "Invoice Item"
  sourceId: "be6f7c57-4f82-4a61-b1ae-e70958cf243b"
  Income:Sales:SalesItem:SellGems -400.00 HKD
  category: "Gem"
  sku: "SAP2406"
  qty: 1
  referenceNo: "556"
  orderId: "8364fe7a-d86a-4ccb-9420-958f3b4b84c2"
  type: "Invoice Item"
  sourceId: "164e8d07-7f1a-457b-8a3c-ab3cedaaf7fc"
  Assets:CurrentAssets:AccountReceivable
  referenceNo: "556"
  orderId: "8364fe7a-d86a-4ccb-9420-958f3b4b84c2"
  type: "Invoice"
  sourceId: "8364fe7a-d86a-4ccb-9420-958f3b4b84c2"
  contact: "998 12345708 (DavidKwan(Director)) [02ab8da0-959b-440e-9733-c02eab1b0288]"
2024-11-18 * "Assets:CurrentAssets:Bank:BocSavingBank" "Invoice Payment for Invoice #557 #4ac57b71-a6a2-42bf-ba13-802d0bbc0754"
  Assets:CurrentAssets:Bank:BocSavingBank 1000.00 HKD
  type: "Invoice Payment"
  sourceId: "4ac57b71-a6a2-42bf-ba13-802d0bbc0754"
  referenceNo: "557"
  orderId: "9f9fe30a-aef7-42cd-831a-32b1b4e2c123"
  Assets:CurrentAssets:AccountReceivable -1000.00 HKD
  type: "Invoice Payment"
  sourceId: "4ac57b71-a6a2-42bf-ba13-802d0bbc0754"
  referenceNo: "557"
  orderId: "9f9fe30a-aef7-42cd-831a-32b1b4e2c123"
  contact: "852 66707093 (Ms.CHAN) [13a61147-c439-4f09-816c-0e8e3ba4efa1]"
2024-11-19 * "Bill #1203 DKK 雜費"
  referenceNo: "1203"
  orderId: "17e19aa9-85f0-477f-a835-0bf1cfd25d1f"
  type: "Bill"
  Expenses:GeneralExpense:OfficeExpenses 155.00 HKD
  qty: "1"
  description: "輻射儀器證書，更改地址費用"
  referenceNo: "1203"
  orderId: "17e19aa9-85f0-477f-a835-0bf1cfd25d1f"
  type: "Bill Item"
  sourceId: "36d0ea9e-6d14-467e-92c1-2ca994783801"
  Liabilities:CurrentLiabilities:AccountPayable
  referenceNo: "1203"
  orderId: "17e19aa9-85f0-477f-a835-0bf1cfd25d1f"
  type: "Bill"
  sourceId: "17e19aa9-85f0-477f-a835-0bf1cfd25d1f"
  contact: "880 806 () [53b8789a-4451-4a1f-84f7-a9c5da7ada1a]"
2024-11-19 * "Assets:CurrentAssets:Bank:BocSavingBank" "Invoice Payment for Invoice #558 #bc8c966a-9131-4414-bac9-809d1dae7b3d"
  Assets:CurrentAssets:Bank:BocSavingBank 3000.00 HKD
  type: "Invoice Payment"
  sourceId: "bc8c966a-9131-4414-bac9-809d1dae7b3d"
  referenceNo: "558"
  orderId: "00b43cb2-d97f-4343-b57f-c127fbaa14b6"
  Assets:CurrentAssets:AccountReceivable -3000.00 HKD
  type: "Invoice Payment"
  sourceId: "bc8c966a-9131-4414-bac9-809d1dae7b3d"
  referenceNo: "558"
  orderId: "00b43cb2-d97f-4343-b57f-c127fbaa14b6"
  contact: "852 93172587 (MRYEUNG) [8e526bb4-4d72-4916-893f-dcc1beab82b0]"
2024-11-19 * "Assets:CurrentAssets:Bank:BocSavingBank" "Invoice Payment for Invoice #558 #44ef2920-cabd-4029-84f0-d365361f4c7e"
  Assets:CurrentAssets:Bank:BocSavingBank -500.00 HKD
  type: "Invoice Payment"
  sourceId: "44ef2920-cabd-4029-84f0-d365361f4c7e"
  referenceNo: "558"
  orderId: "00b43cb2-d97f-4343-b57f-c127fbaa14b6"
  Assets:CurrentAssets:AccountReceivable --500.00 HKD
  type: "Invoice Payment"
  sourceId: "44ef2920-cabd-4029-84f0-d365361f4c7e"
  referenceNo: "558"
  orderId: "00b43cb2-d97f-4343-b57f-c127fbaa14b6"
  contact: "852 93172587 (MRYEUNG) [8e526bb4-4d72-4916-893f-dcc1beab82b0]"
2024-11-19 * "880 806 () [53b8789a-4451-4a1f-84f7-a9c5da7ada1a]" "Bill Payment for Bill #1203 #fe8be141-90fa-4c0f-bed1-cd18ab18970a"
  Liabilities:CurrentLiabilities:AccountPayable 155.00 HKD
  contact: "880 806 () [53b8789a-4451-4a1f-84f7-a9c5da7ada1a]"
  type: "Bill Payment"
  sourceId: "fe8be141-90fa-4c0f-bed1-cd18ab18970a"
  referenceNo: "1203"
  orderId: "17e19aa9-85f0-477f-a835-0bf1cfd25d1f"
  Liabilities:CurrentLiabilities:CurrentAccount:C-a-MilrichElectronicsHkCoLtd -155.00 HKD
  type: "Bill Payment"
  sourceId: "fe8be141-90fa-4c0f-bed1-cd18ab18970a"
  referenceNo: "1203"
  orderId: "17e19aa9-85f0-477f-a835-0bf1cfd25d1f"
2024-11-19 * "Invoice #558 Order R24131 RG #17"
  Income:Sales:SalesItem:Sell18kJewelry -3000.00 HKD
  category: "Jewelry"
  sku: "DD2024120500000001"
  qty: 1
  referenceNo: "558"
  orderId: "00b43cb2-d97f-4343-b57f-c127fbaa14b6"
  type: "Invoice Item"
  sourceId: "4ee4c14b-dec8-4c33-a5b9-88fc3548c2d4"
  Income:Sales:Discount --500.00 HKD
  description: "****讚好 DKK  INSTAGRAM 可以-500"
  qty: 1
  referenceNo: "558"
  orderId: "00b43cb2-d97f-4343-b57f-c127fbaa14b6"
  type: "Invoice Item"
  sourceId: "e2180b08-1283-4aac-a647-67307da88ef1"
  Assets:CurrentAssets:AccountReceivable
  referenceNo: "558"
  orderId: "00b43cb2-d97f-4343-b57f-c127fbaa14b6"
  type: "Invoice"
  sourceId: "00b43cb2-d97f-4343-b57f-c127fbaa14b6"
  contact: "852 93172587 (MRYEUNG) [8e526bb4-4d72-4916-893f-dcc1beab82b0]"
2024-11-21 * "Bill #1215 G17 12月2024 租金"
  referenceNo: "1215"
  orderId: "70f4f9f4-1620-4790-88f2-01dabe51b3c3"
  type: "Bill"
  Expenses:GeneralExpense:Rent 48000.00 HKD
  qty: "1"
  description: "G17 12月2024 租金"
  referenceNo: "1215"
  orderId: "70f4f9f4-1620-4790-88f2-01dabe51b3c3"
  type: "Bill Item"
  sourceId: "c70328f3-c65b-40c4-a6bf-c198dcdc7c2e"
  Liabilities:CurrentLiabilities:AccountPayable
  referenceNo: "1215"
  orderId: "70f4f9f4-1620-4790-88f2-01dabe51b3c3"
  type: "Bill"
  sourceId: "70f4f9f4-1620-4790-88f2-01dabe51b3c3"
  contact: "880 806 () [53b8789a-4451-4a1f-84f7-a9c5da7ada1a]"
2024-11-21 * "880 806 () [53b8789a-4451-4a1f-84f7-a9c5da7ada1a]" "Bill Payment for Bill #1215 #3e04c352-860a-43c3-8f83-964a75aefda6"
  Liabilities:CurrentLiabilities:AccountPayable 48000.00 HKD
  contact: "880 806 () [53b8789a-4451-4a1f-84f7-a9c5da7ada1a]"
  type: "Bill Payment"
  sourceId: "3e04c352-860a-43c3-8f83-964a75aefda6"
  referenceNo: "1215"
  orderId: "70f4f9f4-1620-4790-88f2-01dabe51b3c3"
  Assets:CurrentAssets:Bank:BocCurrentBank -48000.00 HKD
  type: "Bill Payment"
  sourceId: "3e04c352-860a-43c3-8f83-964a75aefda6"
  referenceNo: "1215"
  orderId: "70f4f9f4-1620-4790-88f2-01dabe51b3c3"
2024-11-22 * "Assets:CurrentAssets:Bank:KpayBank" "Invoice Payment for Invoice #560 #a16ce819-7cd1-45e8-bfa1-9545532d5d05"
  Assets:CurrentAssets:Bank:KpayBank 3350.00 HKD
  type: "Invoice Payment"
  sourceId: "a16ce819-7cd1-45e8-bfa1-9545532d5d05"
  referenceNo: "560"
  orderId: "41699e25-772b-4b51-a49e-b69d2637f8bb"
  Assets:CurrentAssets:AccountReceivable -3350.00 HKD
  type: "Invoice Payment"
  sourceId: "a16ce819-7cd1-45e8-bfa1-9545532d5d05"
  referenceNo: "560"
  orderId: "41699e25-772b-4b51-a49e-b69d2637f8bb"
  contact: "852 94636185 (MSCHUNG) [4ec9a5b3-85cf-4548-8771-12a2be448c19]"
2024-11-23 * "Invoice #562 CHANGE FOR OTHER GOLD PRODUCT #1385.41G（23.86g*686.81）"
  Assets:CurrentAssets:ShopInventory:GoldJewelry -542.00 HKD
  category: "Gold Jewelry"
  sku: "DDFF2305120A000000000048"
  qty: 1
  referenceNo: "562"
  orderId: "fd98a218-54ad-4823-9675-3dad877e133e"
  type: "Invoice Item"
  sourceId: "159b57a7-b6d9-46d1-92c3-31802f39f66d"
  Assets:CurrentAssets:ShopInventory:GoldJewelry -1744.00 HKD
  category: "Gold Jewelry"
  sku: "DDFF2305170A000000000006"
  qty: 1
  referenceNo: "562"
  orderId: "fd98a218-54ad-4823-9675-3dad877e133e"
  type: "Invoice Item"
  sourceId: "c8931f4b-1b6b-4eea-a0b7-8dd6ed240684"
  Assets:CurrentAssets:ShopInventory:GoldJewelry -782.00 HKD
  category: "Gold Jewelry"
  sku: "DD2310200000000000000141"
  qty: 1
  referenceNo: "562"
  orderId: "fd98a218-54ad-4823-9675-3dad877e133e"
  type: "Invoice Item"
  sourceId: "fab32425-0f40-45f7-bc2c-049859479fb0"
  Assets:CurrentAssets:ShopInventory:GoldJewelry -1723.00 HKD
  category: "Gold Jewelry"
  sku: "DDFF2305170A000000000003"
  qty: 1
  referenceNo: "562"
  orderId: "fd98a218-54ad-4823-9675-3dad877e133e"
  type: "Invoice Item"
  sourceId: "22cf9169-ec29-4960-9b17-f14341d36dd4"
  Assets:CurrentAssets:ShopInventory:GoldJewelry -1750.00 HKD
  category: "Gold Jewelry"
  sku: "DDFF2305170A000000000001"
  qty: 1
  referenceNo: "562"
  orderId: "fd98a218-54ad-4823-9675-3dad877e133e"
  type: "Invoice Item"
  sourceId: "ba585b45-e6f0-472f-8984-ee6b91c370a4"
  Assets:CurrentAssets:ShopInventory:GoldJewelry -721.00 HKD
  category: "Gold Jewelry"
  sku: "DD2310200000000000000140"
  qty: 1
  referenceNo: "562"
  orderId: "fd98a218-54ad-4823-9675-3dad877e133e"
  type: "Invoice Item"
  sourceId: "5783a372-de5c-4174-92a5-91c4b126ff51"
  Assets:CurrentAssets:ShopInventory:GoldJewelry -1133.00 HKD
  category: "Gold Jewelry"
  sku: "DDFF2305120A000000000062"
  qty: 1
  referenceNo: "562"
  orderId: "fd98a218-54ad-4823-9675-3dad877e133e"
  type: "Invoice Item"
  sourceId: "a248eef9-24b4-43f2-a2fa-620dcdd54675"
  Assets:CurrentAssets:ShopInventory:GoldJewelry -535.00 HKD
  category: "Gold Jewelry"
  sku: "DDFF2305120A000000000049"
  qty: 1
  referenceNo: "562"
  orderId: "fd98a218-54ad-4823-9675-3dad877e133e"
  type: "Invoice Item"
  sourceId: "366508ba-2c11-4e3e-9b6c-873ccda2b6ab"
  Assets:CurrentAssets:ShopInventory:GoldJewelry -1805.00 HKD
  category: "Gold Jewelry"
  sku: "DDFF2305170A000000000002"
  qty: 1
  referenceNo: "562"
  orderId: "fd98a218-54ad-4823-9675-3dad877e133e"
  type: "Invoice Item"
  sourceId: "35bd1ea7-98aa-4c3f-a591-b000610cd102"
  Assets:CurrentAssets:ShopInventory:GoldJewelry -1140.00 HKD
  category: "Gold Jewelry"
  sku: "DD2310200000000000000138"
  qty: 1
  referenceNo: "562"
  orderId: "fd98a218-54ad-4823-9675-3dad877e133e"
  type: "Invoice Item"
  sourceId: "a5f6d4f2-04ec-4750-b82d-7ba35a1774a9"
  Assets:CurrentAssets:ShopInventory:GoldJewelry -1387.00 HKD
  category: "Gold Jewelry"
  sku: "DDFF2305170A000000000012"
  qty: 1
  referenceNo: "562"
  orderId: "fd98a218-54ad-4823-9675-3dad877e133e"
  type: "Invoice Item"
  sourceId: "301924c2-f69d-446f-9bd4-4c01d27d4f23"
  Assets:CurrentAssets:ShopInventory:GoldJewelry -556.00 HKD
  category: "Gold Jewelry"
  sku: "DDFF2305120A000000000040"
  qty: 1
  referenceNo: "562"
  orderId: "fd98a218-54ad-4823-9675-3dad877e133e"
  type: "Invoice Item"
  sourceId: "9e67c5eb-6778-45fc-9bcb-040cd4638187"
  Assets:CurrentAssets:ShopInventory:GoldJewelry -1483.00 HKD
  category: "Gold Jewelry"
  sku: "DD2310200000000000000109"
  qty: 1
  referenceNo: "562"
  orderId: "fd98a218-54ad-4823-9675-3dad877e133e"
  type: "Invoice Item"
  sourceId: "7c23815d-b211-48da-895a-bc7c62be0574"
  Assets:CurrentAssets:ShopInventory:GoldJewelry -625.00 HKD
  category: "Gold Jewelry"
  sku: "DDFF2305120A000000000029"
  qty: 1
  referenceNo: "562"
  orderId: "fd98a218-54ad-4823-9675-3dad877e133e"
  type: "Invoice Item"
  sourceId: "6828edc6-c248-4810-a8d1-65efb1ab94ee"
  Assets:CurrentAssets:ShopInventory:GoldJewelry -453.00 HKD
  category: "Gold Jewelry"
  sku: "DDFF2305120A000000000019"
  qty: 1
  referenceNo: "562"
  orderId: "fd98a218-54ad-4823-9675-3dad877e133e"
  type: "Invoice Item"
  sourceId: "d3467b03-785e-4249-b1a4-fa73cbd9e1ab"
  Assets:CurrentAssets:AccountReceivable
  referenceNo: "562"
  orderId: "fd98a218-54ad-4823-9675-3dad877e133e"
  type: "Invoice"
  sourceId: "fd98a218-54ad-4823-9675-3dad877e133e"
  contact: "998 12345708 (DavidKwan(Director)) [02ab8da0-959b-440e-9733-c02eab1b0288]"
2024-11-23 * "Liabilities:CurrentLiabilities:CurrentAccount:C-a-DirectorDavidKwan" "Invoice Payment for Invoice #563 #70be8371-3a67-4b4b-97dd-e2f0a422abac"
  Liabilities:CurrentLiabilities:CurrentAccount:C-a-DirectorDavidKwan 26428.00 HKD
  type: "Invoice Payment"
  sourceId: "70be8371-3a67-4b4b-97dd-e2f0a422abac"
  referenceNo: "563"
  orderId: "c245ded5-7136-488f-8081-2804ea15c91a"
  Assets:CurrentAssets:AccountReceivable -26428.00 HKD
  type: "Invoice Payment"
  sourceId: "70be8371-3a67-4b4b-97dd-e2f0a422abac"
  referenceNo: "563"
  orderId: "c245ded5-7136-488f-8081-2804ea15c91a"
  contact: "998 12345708 (DavidKwan(Director)) [02ab8da0-959b-440e-9733-c02eab1b0288]"
2024-11-23 * "Liabilities:CurrentLiabilities:CurrentAccount:C-a-DirectorDavidKwan" "Invoice Payment for Invoice #566 #cd535934-d30f-404e-81d7-2405947b9e86"
  Liabilities:CurrentLiabilities:CurrentAccount:C-a-DirectorDavidKwan 115974.00 HKD
  type: "Invoice Payment"
  sourceId: "cd535934-d30f-404e-81d7-2405947b9e86"
  referenceNo: "566"
  orderId: "b4ffdbe4-8346-4e1e-bb43-559894bbdb2d"
  Assets:CurrentAssets:AccountReceivable -115974.00 HKD
  type: "Invoice Payment"
  sourceId: "cd535934-d30f-404e-81d7-2405947b9e86"
  referenceNo: "566"
  orderId: "b4ffdbe4-8346-4e1e-bb43-559894bbdb2d"
  contact: "998 12345708 (DavidKwan(Director)) [02ab8da0-959b-440e-9733-c02eab1b0288]"
2024-11-23 * "Liabilities:CurrentLiabilities:CurrentAccount:C-a-DirectorDavidKwan" "Invoice Payment for Invoice #565 #dc3c961d-efec-443f-9642-c53085387fdb"
  Liabilities:CurrentLiabilities:CurrentAccount:C-a-DirectorDavidKwan 70711.00 HKD
  type: "Invoice Payment"
  sourceId: "dc3c961d-efec-443f-9642-c53085387fdb"
  referenceNo: "565"
  orderId: "c64e7820-4529-4cec-9e13-a834fa5566bf"
  Assets:CurrentAssets:AccountReceivable -70711.00 HKD
  type: "Invoice Payment"
  sourceId: "dc3c961d-efec-443f-9642-c53085387fdb"
  referenceNo: "565"
  orderId: "c64e7820-4529-4cec-9e13-a834fa5566bf"
  contact: "998 12345708 (DavidKwan(Director)) [02ab8da0-959b-440e-9733-c02eab1b0288]"
2024-11-23 * "Liabilities:CurrentLiabilities:CurrentAccount:C-a-DirectorDavidKwan" "Invoice Payment for Invoice #561 #878da36c-25f5-46be-82e6-ff56e87b23d7"
  Liabilities:CurrentLiabilities:CurrentAccount:C-a-DirectorDavidKwan 240401.98 HKD
  type: "Invoice Payment"
  sourceId: "878da36c-25f5-46be-82e6-ff56e87b23d7"
  referenceNo: "561"
  orderId: "9cf90416-9ce9-4ca0-8dcb-db92473ceeea"
  Assets:CurrentAssets:AccountReceivable -240401.98 HKD
  type: "Invoice Payment"
  sourceId: "878da36c-25f5-46be-82e6-ff56e87b23d7"
  referenceNo: "561"
  orderId: "9cf90416-9ce9-4ca0-8dcb-db92473ceeea"
  contact: "998 12345708 (DavidKwan(Director)) [02ab8da0-959b-440e-9733-c02eab1b0288]"
2024-11-23 * "Liabilities:CurrentLiabilities:CurrentAccount:C-a-DirectorDavidKwan" "Invoice Payment for Invoice #567 #b522d0ed-0466-4a5a-a762-e9e3725325ec"
  Liabilities:CurrentLiabilities:CurrentAccount:C-a-DirectorDavidKwan 85145.00 HKD
  type: "Invoice Payment"
  sourceId: "b522d0ed-0466-4a5a-a762-e9e3725325ec"
  referenceNo: "567"
  orderId: "69661403-2e9d-4d0e-b633-6beb1c2009b9"
  Assets:CurrentAssets:AccountReceivable -85145.00 HKD
  type: "Invoice Payment"
  sourceId: "b522d0ed-0466-4a5a-a762-e9e3725325ec"
  referenceNo: "567"
  orderId: "69661403-2e9d-4d0e-b633-6beb1c2009b9"
  contact: "998 12345708 (DavidKwan(Director)) [02ab8da0-959b-440e-9733-c02eab1b0288]"
2024-11-23 * "Liabilities:CurrentLiabilities:CurrentAccount:C-a-DirectorDavidKwan" "Invoice Payment for Invoice #687 #35f9fb73-410e-4107-b8f2-6f39f5b3ba6a"
  Liabilities:CurrentLiabilities:CurrentAccount:C-a-DirectorDavidKwan 179734.00 HKD
  type: "Invoice Payment"
  sourceId: "35f9fb73-410e-4107-b8f2-6f39f5b3ba6a"
  referenceNo: "687"
  orderId: "4e008f64-c4cc-4f64-bbda-03d0854b6742"
  Assets:CurrentAssets:AccountReceivable -179734.00 HKD
  type: "Invoice Payment"
  sourceId: "35f9fb73-410e-4107-b8f2-6f39f5b3ba6a"
  referenceNo: "687"
  orderId: "4e008f64-c4cc-4f64-bbda-03d0854b6742"
  contact: "998 12345708 (DavidKwan(Director)) [02ab8da0-959b-440e-9733-c02eab1b0288]"
2024-11-23 * "Liabilities:CurrentLiabilities:CurrentAccount:C-a-DirectorDavidKwan" "Invoice Payment for Invoice #562 #ccf98794-a9e5-427d-84d4-c781bb132032"
  Liabilities:CurrentLiabilities:CurrentAccount:C-a-DirectorDavidKwan 16379.00 HKD
  type: "Invoice Payment"
  sourceId: "ccf98794-a9e5-427d-84d4-c781bb132032"
  referenceNo: "562"
  orderId: "fd98a218-54ad-4823-9675-3dad877e133e"
  Assets:CurrentAssets:AccountReceivable -16379.00 HKD
  type: "Invoice Payment"
  sourceId: "ccf98794-a9e5-427d-84d4-c781bb132032"
  referenceNo: "562"
  orderId: "fd98a218-54ad-4823-9675-3dad877e133e"
  contact: "998 12345708 (DavidKwan(Director)) [02ab8da0-959b-440e-9733-c02eab1b0288]"
2024-11-23 * "Liabilities:CurrentLiabilities:CurrentAccount:C-a-DirectorDavidKwan" "Invoice Payment for Invoice #564 #19e83c5e-1786-4afb-b5c1-e0c64bfa9725"
  Liabilities:CurrentLiabilities:CurrentAccount:C-a-DirectorDavidKwan 109637.00 HKD
  type: "Invoice Payment"
  sourceId: "19e83c5e-1786-4afb-b5c1-e0c64bfa9725"
  referenceNo: "564"
  orderId: "0fd261ad-dd23-4497-882c-3a08f6f4b09b"
  Assets:CurrentAssets:AccountReceivable -109637.00 HKD
  type: "Invoice Payment"
  sourceId: "19e83c5e-1786-4afb-b5c1-e0c64bfa9725"
  referenceNo: "564"
  orderId: "0fd261ad-dd23-4497-882c-3a08f6f4b09b"
  contact: "998 12345708 (DavidKwan(Director)) [02ab8da0-959b-440e-9733-c02eab1b0288]"
2024-11-23 * "Liabilities:CurrentLiabilities:CurrentAccount:C-a-DirectorDavidKwan" "Invoice Payment for Invoice #568 #f5460761-1f4f-4219-bd84-be47e084e7cc"
  Liabilities:CurrentLiabilities:CurrentAccount:C-a-DirectorDavidKwan 124627.00 HKD
  type: "Invoice Payment"
  sourceId: "f5460761-1f4f-4219-bd84-be47e084e7cc"
  referenceNo: "568"
  orderId: "8ff4b745-9b68-4ab2-a470-edd1d6bdc31b"
  Assets:CurrentAssets:AccountReceivable -124627.00 HKD
  type: "Invoice Payment"
  sourceId: "f5460761-1f4f-4219-bd84-be47e084e7cc"
  referenceNo: "568"
  orderId: "8ff4b745-9b68-4ab2-a470-edd1d6bdc31b"
  contact: "998 12345708 (DavidKwan(Director)) [02ab8da0-959b-440e-9733-c02eab1b0288]"
2024-11-23 * "Invoice #687 CHANGE FOR OTHER GOLD PRODUCT #1385.41G （261.8g*686.81）"
  Assets:CurrentAssets:ShopInventory:GoldJewelry -18880.00 HKD
  category: "Gold Jewelry"
  sku: "DDFF23051204000000000046"
  qty: 1
  referenceNo: "687"
  orderId: "4e008f64-c4cc-4f64-bbda-03d0854b6742"
  type: "Invoice Item"
  sourceId: "7a0a3b84-4d73-416e-8b8e-c2df92ae83d0"
  Assets:CurrentAssets:ShopInventory:GoldJewelry -5348.00 HKD
  category: "Gold Jewelry"
  sku: "DDFF23051704000000000075"
  qty: 1
  referenceNo: "687"
  orderId: "4e008f64-c4cc-4f64-bbda-03d0854b6742"
  type: "Invoice Item"
  sourceId: "6691e488-8302-46a3-9d2a-25263049c1ca"
  Assets:CurrentAssets:ShopInventory:GoldJewelry -3996.00 HKD
  category: "Gold Jewelry"
  sku: "DDFF23051204000000000034"
  qty: 1
  referenceNo: "687"
  orderId: "4e008f64-c4cc-4f64-bbda-03d0854b6742"
  type: "Invoice Item"
  sourceId: "1fdd9a61-37aa-4224-9f9d-b93406da2ea8"
  Assets:CurrentAssets:ShopInventory:GoldJewelry -5739.00 HKD
  category: "Gold Jewelry"
  sku: "DDFF23051704000000000077"
  qty: 1
  referenceNo: "687"
  orderId: "4e008f64-c4cc-4f64-bbda-03d0854b6742"
  type: "Invoice Item"
  sourceId: "a6313b41-5c56-46ab-b26f-f01ff412e19b"
  Assets:CurrentAssets:ShopInventory:GoldJewelry -4435.00 HKD
  category: "Gold Jewelry"
  sku: "DDFF23051704000000000086"
  qty: 1
  referenceNo: "687"
  orderId: "4e008f64-c4cc-4f64-bbda-03d0854b6742"
  type: "Invoice Item"
  sourceId: "6f0ce963-c29e-4614-9a01-d4ed34063af4"
  Assets:CurrentAssets:ShopInventory:GoldJewelry -5684.00 HKD
  category: "Gold Jewelry"
  sku: "DDFF23051704000000000072"
  qty: 1
  referenceNo: "687"
  orderId: "4e008f64-c4cc-4f64-bbda-03d0854b6742"
  type: "Invoice Item"
  sourceId: "a4d9cee6-cfc2-4217-b9ab-4d613e092d1f"
  Assets:CurrentAssets:ShopInventory:GoldJewelry -13284.00 HKD
  category: "Gold Jewelry"
  sku: "DDFF23051203000000000019"
  qty: 1
  referenceNo: "687"
  orderId: "4e008f64-c4cc-4f64-bbda-03d0854b6742"
  type: "Invoice Item"
  sourceId: "f63efd42-a6eb-4301-b56e-625a9cea5d80"
  Assets:CurrentAssets:ShopInventory:GoldJewelry -6412.00 HKD
  category: "Gold Jewelry"
  sku: "DDFF23051204000000000041"
  qty: 1
  referenceNo: "687"
  orderId: "4e008f64-c4cc-4f64-bbda-03d0854b6742"
  type: "Invoice Item"
  sourceId: "5a5d9d3d-18e0-4c96-acbe-9962b4472ada"
  Assets:CurrentAssets:ShopInventory:GoldJewelry -6083.00 HKD
  category: "Gold Jewelry"
  sku: "DDFF23051204000000000011"
  qty: 1
  referenceNo: "687"
  orderId: "4e008f64-c4cc-4f64-bbda-03d0854b6742"
  type: "Invoice Item"
  sourceId: "145d8796-1fc3-4853-ab06-dbdb922f707d"
  Assets:CurrentAssets:ShopInventory:GoldJewelry -5870.00 HKD
  category: "Gold Jewelry"
  sku: "DDFF23051704000000000076"
  qty: 1
  referenceNo: "687"
  orderId: "4e008f64-c4cc-4f64-bbda-03d0854b6742"
  type: "Invoice Item"
  sourceId: "37278ce2-3026-4866-9846-3d84c6314fe7"
  Assets:CurrentAssets:ShopInventory:GoldJewelry -6522.00 HKD
  category: "Gold Jewelry"
  sku: "DDFF23051204000000000009"
  qty: 1
  referenceNo: "687"
  orderId: "4e008f64-c4cc-4f64-bbda-03d0854b6742"
  type: "Invoice Item"
  sourceId: "45be83c8-f40a-4b99-8e59-cd9f32062581"
  Assets:CurrentAssets:ShopInventory:GoldJewelry -9378.00 HKD
  category: "Gold Jewelry"
  sku: "DDFF23051204000000000006"
  qty: 1
  referenceNo: "687"
  orderId: "4e008f64-c4cc-4f64-bbda-03d0854b6742"
  type: "Invoice Item"
  sourceId: "b1c5c34c-d5d7-44c8-9b29-fd8f948e4ead"
  Assets:CurrentAssets:ShopInventory:GoldJewelry -6199.00 HKD
  category: "Gold Jewelry"
  sku: "DDFF23051204000000000007"
  qty: 1
  referenceNo: "687"
  orderId: "4e008f64-c4cc-4f64-bbda-03d0854b6742"
  type: "Invoice Item"
  sourceId: "336a74a8-c69e-450f-856a-2f86b81c42b3"
  Assets:CurrentAssets:ShopInventory:GoldJewelry -6344.00 HKD
  category: "Gold Jewelry"
  sku: "DDFF23051204000000000008"
  qty: 1
  referenceNo: "687"
  orderId: "4e008f64-c4cc-4f64-bbda-03d0854b6742"
  type: "Invoice Item"
  sourceId: "bf2fb93d-f101-4212-b261-614cd1d1222a"
  Assets:CurrentAssets:ShopInventory:GoldJewelry -6687.00 HKD
  category: "Gold Jewelry"
  sku: "DDFF23051204000000000010"
  qty: 1
  referenceNo: "687"
  orderId: "4e008f64-c4cc-4f64-bbda-03d0854b6742"
  type: "Invoice Item"
  sourceId: "a5d7af0c-5a7c-41e3-9446-6985c517eddf"
  Assets:CurrentAssets:ShopInventory:GoldJewelry -10751.00 HKD
  category: "Gold Jewelry"
  sku: "DDFF23051204000000000048"
  qty: 1
  referenceNo: "687"
  orderId: "4e008f64-c4cc-4f64-bbda-03d0854b6742"
  type: "Invoice Item"
  sourceId: "1a7f9d8f-6e52-48e9-8b7d-a969129b25a2"
  Assets:CurrentAssets:ShopInventory:GoldJewelry -13442.00 HKD
  category: "Gold Jewelry"
  sku: "DDFF23051203000000000017"
  qty: 1
  referenceNo: "687"
  orderId: "4e008f64-c4cc-4f64-bbda-03d0854b6742"
  type: "Invoice Item"
  sourceId: "638022b2-b35e-4b56-9152-cc600b4051aa"
  Assets:CurrentAssets:ShopInventory:GoldJewelry -6550.00 HKD
  category: "Gold Jewelry"
  sku: "DDFF23051704000000000042"
  qty: 1
  referenceNo: "687"
  orderId: "4e008f64-c4cc-4f64-bbda-03d0854b6742"
  type: "Invoice Item"
  sourceId: "5e397da6-ae24-4cc1-b124-e653eedbf62a"
  Assets:CurrentAssets:ShopInventory:GoldJewelry -11431.00 HKD
  category: "Gold Jewelry"
  sku: "DDFF23051704000000000041"
  qty: 1
  referenceNo: "687"
  orderId: "4e008f64-c4cc-4f64-bbda-03d0854b6742"
  type: "Invoice Item"
  sourceId: "eae11721-65bd-4193-856a-eab60aebf08c"
  Assets:CurrentAssets:ShopInventory:GoldJewelry -4133.00 HKD
  category: "Gold Jewelry"
  sku: "DDFF23051704000000000085"
  qty: 1
  referenceNo: "687"
  orderId: "4e008f64-c4cc-4f64-bbda-03d0854b6742"
  type: "Invoice Item"
  sourceId: "91fb0aa0-e860-4257-8a1e-ddac2a65c867"
  Assets:CurrentAssets:ShopInventory:GoldJewelry -4057.00 HKD
  category: "Gold Jewelry"
  sku: "DDFF23051704000000000099"
  qty: 1
  referenceNo: "687"
  orderId: "4e008f64-c4cc-4f64-bbda-03d0854b6742"
  type: "Invoice Item"
  sourceId: "2700a49c-ba08-436b-9414-b9415987b654"
  Assets:CurrentAssets:ShopInventory:GoldJewelry -5266.00 HKD
  category: "Gold Jewelry"
  sku: "DDFF23051204000000000021"
  qty: 1
  referenceNo: "687"
  orderId: "4e008f64-c4cc-4f64-bbda-03d0854b6742"
  type: "Invoice Item"
  sourceId: "9cf849b7-68fb-4c62-af7b-2d9cc8638ab2"
  Assets:CurrentAssets:ShopInventory:GoldJewelry -13243.00 HKD
  category: "Gold Jewelry"
  sku: "DDFF23051203000000000015"
  qty: 1
  referenceNo: "687"
  orderId: "4e008f64-c4cc-4f64-bbda-03d0854b6742"
  type: "Invoice Item"
  sourceId: "c6af2c32-fd09-48fb-bec9-282442645105"
  Assets:CurrentAssets:AccountReceivable
  referenceNo: "687"
  orderId: "4e008f64-c4cc-4f64-bbda-03d0854b6742"
  type: "Invoice"
  sourceId: "4e008f64-c4cc-4f64-bbda-03d0854b6742"
  contact: "998 12345708 (DavidKwan(Director)) [02ab8da0-959b-440e-9733-c02eab1b0288]"
2024-11-23 * "Invoice #561 CHANGE FOR OTHER GOLD PRODUCT #1385.41G（350.26g*686.81）"
  Assets:CurrentAssets:ShopInventory:GoldJewelry -2842.23 HKD
  category: "Gold Jewelry"
  sku: "DDFF23051704000000000013"
  qty: 1
  referenceNo: "561"
  orderId: "9cf90416-9ce9-4ca0-8dcb-db92473ceeea"
  type: "Invoice Item"
  sourceId: "9250f53f-0044-497a-9ae0-4d4f9d17f4e9"
  Assets:CurrentAssets:ShopInventory:GoldJewelry -1936.01 HKD
  category: "Gold Jewelry"
  sku: "DDFF23051704000000000035"
  qty: 1
  referenceNo: "561"
  orderId: "9cf90416-9ce9-4ca0-8dcb-db92473ceeea"
  type: "Invoice Item"
  sourceId: "9375f80e-74e7-4e3b-b8e8-fb10b88fd650"
  Assets:CurrentAssets:ShopInventory:GoldJewelry -10085.12 HKD
  category: "Gold Jewelry"
  sku: "DDFF23051204000000000036"
  qty: 1
  referenceNo: "561"
  orderId: "9cf90416-9ce9-4ca0-8dcb-db92473ceeea"
  type: "Invoice Item"
  sourceId: "a854efc4-a657-4776-8ff4-b71dcae91797"
  Assets:CurrentAssets:ShopInventory:GoldJewelry -1723.19 HKD
  category: "Gold Jewelry"
  sku: "DDFF23051704000000000023"
  qty: 1
  referenceNo: "561"
  orderId: "9cf90416-9ce9-4ca0-8dcb-db92473ceeea"
  type: "Invoice Item"
  sourceId: "333980c8-2cda-4267-92df-b3879a7f7ba9"
  Assets:CurrentAssets:ShopInventory:GoldJewelry -1819.30 HKD
  category: "Gold Jewelry"
  sku: "DDFF23051704000000000009"
  qty: 1
  referenceNo: "561"
  orderId: "9cf90416-9ce9-4ca0-8dcb-db92473ceeea"
  type: "Invoice Item"
  sourceId: "4261e984-e5d8-4035-8561-eb5db6f79cbb"
  Assets:CurrentAssets:ShopInventory:GoldJewelry -2766.71 HKD
  category: "Gold Jewelry"
  sku: "DDFF23051704000000000024"
  qty: 1
  referenceNo: "561"
  orderId: "9cf90416-9ce9-4ca0-8dcb-db92473ceeea"
  type: "Invoice Item"
  sourceId: "2fdb4deb-649e-4edc-9384-28cf0a2c810d"
  Assets:CurrentAssets:ShopInventory:GoldJewelry -2828.50 HKD
  category: "Gold Jewelry"
  sku: "DDFF23051704000000000019"
  qty: 1
  referenceNo: "561"
  orderId: "9cf90416-9ce9-4ca0-8dcb-db92473ceeea"
  type: "Invoice Item"
  sourceId: "752559ed-d08a-4936-96a3-b8a7dc0c093e"
  Assets:CurrentAssets:ShopInventory:GoldJewelry -1908.55 HKD
  category: "Gold Jewelry"
  sku: "DDFF23051704000000000014"
  qty: 1
  referenceNo: "561"
  orderId: "9cf90416-9ce9-4ca0-8dcb-db92473ceeea"
  type: "Invoice Item"
  sourceId: "f20a64a2-c03a-4c70-bd0b-b6394ed492d0"
  Assets:CurrentAssets:ShopInventory:GoldJewelry -1743.78 HKD
  category: "Gold Jewelry"
  sku: "DDFF23051704000000000034"
  qty: 1
  referenceNo: "561"
  orderId: "9cf90416-9ce9-4ca0-8dcb-db92473ceeea"
  type: "Invoice Item"
  sourceId: "9f4e6ff9-f2a1-4903-af9f-c49bb7ad1b9c"
  Assets:CurrentAssets:ShopInventory:GoldJewelry -2835.36 HKD
  category: "Gold Jewelry"
  sku: "DDFF23051704000000000012"
  qty: 1
  referenceNo: "561"
  orderId: "9cf90416-9ce9-4ca0-8dcb-db92473ceeea"
  type: "Invoice Item"
  sourceId: "3c3af1ae-0e3a-4679-9382-1b73eecb3b55"
  Assets:CurrentAssets:ShopInventory:GoldJewelry -1688.86 HKD
  category: "Gold Jewelry"
  sku: "DDFF23051704000000000026"
  qty: 1
  referenceNo: "561"
  orderId: "9cf90416-9ce9-4ca0-8dcb-db92473ceeea"
  type: "Invoice Item"
  sourceId: "06d6e85f-4e57-4e2a-ae4b-5fd622856db6"
  Assets:CurrentAssets:ShopInventory:GoldJewelry -1743.78 HKD
  category: "Gold Jewelry"
  sku: "DDFF23051704000000000030"
  qty: 1
  referenceNo: "561"
  orderId: "9cf90416-9ce9-4ca0-8dcb-db92473ceeea"
  type: "Invoice Item"
  sourceId: "d55afb5d-e4cf-457a-aeea-600e6a296c3e"
  Assets:CurrentAssets:ShopInventory:GoldJewelry -9439.78 HKD
  category: "Gold Jewelry"
  sku: "DDFF23051204000000000038"
  qty: 1
  referenceNo: "561"
  orderId: "9cf90416-9ce9-4ca0-8dcb-db92473ceeea"
  type: "Invoice Item"
  sourceId: "20592acf-268a-42ac-91d9-f6a45f5bd63b"
  Assets:CurrentAssets:ShopInventory:GoldJewelry -8032.40 HKD
  category: "Gold Jewelry"
  sku: "DDFF23051704000000000046"
  qty: 1
  referenceNo: "561"
  orderId: "9cf90416-9ce9-4ca0-8dcb-db92473ceeea"
  type: "Invoice Item"
  sourceId: "c75688eb-cbe9-4c4a-9df0-757529fea9a5"
  Assets:CurrentAssets:ShopInventory:GoldJewelry -10229.29 HKD
  category: "Gold Jewelry"
  sku: "DDFF23051704000000000047"
  qty: 1
  referenceNo: "561"
  orderId: "9cf90416-9ce9-4ca0-8dcb-db92473ceeea"
  type: "Invoice Item"
  sourceId: "5dbc8708-bcc9-48a1-b1c9-acefc908088f"
  Assets:CurrentAssets:ShopInventory:GoldJewelry -9412.32 HKD
  category: "Gold Jewelry"
  sku: "DDFF23051704000000000071"
  qty: 1
  referenceNo: "561"
  orderId: "9cf90416-9ce9-4ca0-8dcb-db92473ceeea"
  type: "Invoice Item"
  sourceId: "140f680c-e6a3-4d64-84b0-7f582cf63dc9"
  Assets:CurrentAssets:ShopInventory:GoldJewelry -9103.38 HKD
  category: "Gold Jewelry"
  sku: "DDFF23051704000000000069"
  qty: 1
  referenceNo: "561"
  orderId: "9cf90416-9ce9-4ca0-8dcb-db92473ceeea"
  type: "Invoice Item"
  sourceId: "5b38b88f-15d1-48fb-80ea-8a1290d5d79a"
  Assets:CurrentAssets:ShopInventory:GoldJewelry -6226.82 HKD
  category: "Gold Jewelry"
  sku: "DDFF23051704000000000066"
  qty: 1
  referenceNo: "561"
  orderId: "9cf90416-9ce9-4ca0-8dcb-db92473ceeea"
  type: "Invoice Item"
  sourceId: "73a31280-b39a-4a8e-b9e2-d75a061ed508"
  Assets:CurrentAssets:ShopInventory:GoldJewelry -6233.69 HKD
  category: "Gold Jewelry"
  sku: "DDFF23051704000000000067"
  qty: 1
  referenceNo: "561"
  orderId: "9cf90416-9ce9-4ca0-8dcb-db92473ceeea"
  type: "Invoice Item"
  sourceId: "b9bb40f5-34a8-4208-be16-b0654075ac83"
  Assets:CurrentAssets:ShopInventory:GoldJewelry -9041.60 HKD
  category: "Gold Jewelry"
  sku: "DDFF23051704000000000048"
  qty: 1
  referenceNo: "561"
  orderId: "9cf90416-9ce9-4ca0-8dcb-db92473ceeea"
  type: "Invoice Item"
  sourceId: "92b623fc-29be-4893-9a9f-f13a202b57f3"
  Assets:CurrentAssets:ShopInventory:GoldJewelry -5554.02 HKD
  category: "Gold Jewelry"
  sku: "DDFF23051703000000000007"
  qty: 1
  referenceNo: "561"
  orderId: "9cf90416-9ce9-4ca0-8dcb-db92473ceeea"
  type: "Invoice Item"
  sourceId: "92ed78af-19c4-436d-be14-078b9dcb0f04"
  Assets:CurrentAssets:ShopInventory:GoldJewelry -11410.12 HKD
  category: "Gold Jewelry"
  sku: "DDFF23051704000000000053"
  qty: 1
  referenceNo: "561"
  orderId: "9cf90416-9ce9-4ca0-8dcb-db92473ceeea"
  type: "Invoice Item"
  sourceId: "4c904252-eeb9-4713-9b8d-aff4a256ac3e"
  Assets:CurrentAssets:ShopInventory:GoldJewelry -2904.02 HKD
  category: "Gold Jewelry"
  sku: "DDFF23051704000000000015"
  qty: 1
  referenceNo: "561"
  orderId: "9cf90416-9ce9-4ca0-8dcb-db92473ceeea"
  type: "Invoice Item"
  sourceId: "2e319686-5bbb-459f-8e08-31f275f9f8ea"
  Assets:CurrentAssets:ShopInventory:GoldJewelry -1833.03 HKD
  category: "Gold Jewelry"
  sku: "DDFF23051704000000000029"
  qty: 1
  referenceNo: "561"
  orderId: "9cf90416-9ce9-4ca0-8dcb-db92473ceeea"
  type: "Invoice Item"
  sourceId: "342af1af-de45-4391-be14-cf7df0b4ef22"
  Assets:CurrentAssets:ShopInventory:GoldJewelry -1695.72 HKD
  category: "Gold Jewelry"
  sku: "DDFF23051704000000000022"
  qty: 1
  referenceNo: "561"
  orderId: "9cf90416-9ce9-4ca0-8dcb-db92473ceeea"
  type: "Invoice Item"
  sourceId: "c67f1b62-005f-4c27-b5c3-ca02e8f027d8"
  Assets:CurrentAssets:ShopInventory:GoldJewelry -10524.50 HKD
  category: "Gold Jewelry"
  sku: "DDFF23051204000000000047"
  qty: 1
  referenceNo: "561"
  orderId: "9cf90416-9ce9-4ca0-8dcb-db92473ceeea"
  type: "Invoice Item"
  sourceId: "02367269-44d8-4e81-960a-2c3b8bf726e5"
  Assets:CurrentAssets:ShopInventory:GoldJewelry -9858.57 HKD
  category: "Gold Jewelry"
  sku: "DDFF23051704000000000065"
  qty: 1
  referenceNo: "561"
  orderId: "9cf90416-9ce9-4ca0-8dcb-db92473ceeea"
  type: "Invoice Item"
  sourceId: "d91ff0a0-7ab4-4b71-85c8-8a9364fa8966"
  Assets:CurrentAssets:ShopInventory:GoldJewelry -2739.25 HKD
  category: "Gold Jewelry"
  sku: "DDFF23051704000000000021"
  qty: 1
  referenceNo: "561"
  orderId: "9cf90416-9ce9-4ca0-8dcb-db92473ceeea"
  type: "Invoice Item"
  sourceId: "94901082-a383-416d-88fa-d76c07a9c62e"
  Assets:CurrentAssets:ShopInventory:GoldJewelry -2739.25 HKD
  category: "Gold Jewelry"
  sku: "DDFF23051704000000000016"
  qty: 1
  referenceNo: "561"
  orderId: "9cf90416-9ce9-4ca0-8dcb-db92473ceeea"
  type: "Invoice Item"
  sourceId: "1253b45f-00e2-48c1-bfcf-2ef71eb53307"
  Assets:CurrentAssets:ShopInventory:GoldJewelry -2725.52 HKD
  category: "Gold Jewelry"
  sku: "DDFF23051704000000000027"
  qty: 1
  referenceNo: "561"
  orderId: "9cf90416-9ce9-4ca0-8dcb-db92473ceeea"
  type: "Invoice Item"
  sourceId: "c231572e-9263-4789-8972-ad2ce11c4d64"
  Assets:CurrentAssets:ShopInventory:GoldJewelry -6137.57 HKD
  category: "Gold Jewelry"
  sku: "DDFF23051703000000000006"
  qty: 1
  referenceNo: "561"
  orderId: "9cf90416-9ce9-4ca0-8dcb-db92473ceeea"
  type: "Invoice Item"
  sourceId: "dc3becfa-9ef0-4b13-9f48-b1896448f2c0"
  Assets:CurrentAssets:ShopInventory:GoldJewelry -2691.19 HKD
  category: "Gold Jewelry"
  sku: "DDFF23051704000000000020"
  qty: 1
  referenceNo: "561"
  orderId: "9cf90416-9ce9-4ca0-8dcb-db92473ceeea"
  type: "Invoice Item"
  sourceId: "69dc1b01-6276-482e-a4b6-6d925c192e1f"
  Assets:CurrentAssets:ShopInventory:GoldJewelry -9446.65 HKD
  category: "Gold Jewelry"
  sku: "DDFF23051704000000000070"
  qty: 1
  referenceNo: "561"
  orderId: "9cf90416-9ce9-4ca0-8dcb-db92473ceeea"
  type: "Invoice Item"
  sourceId: "3b7e3629-2de4-4467-b60d-2d81af10020d"
  Assets:CurrentAssets:ShopInventory:GoldJewelry -6247.42 HKD
  category: "Gold Jewelry"
  sku: "DDFF23051703000000000005"
  qty: 1
  referenceNo: "561"
  orderId: "9cf90416-9ce9-4ca0-8dcb-db92473ceeea"
  type: "Invoice Item"
  sourceId: "231dd2ad-26db-4174-83c7-aac733b6e8a7"
  Assets:CurrentAssets:ShopInventory:GoldJewelry -8341.33 HKD
  category: "Gold Jewelry"
  sku: "DDFF23051703000000000004"
  qty: 1
  referenceNo: "561"
  orderId: "9cf90416-9ce9-4ca0-8dcb-db92473ceeea"
  type: "Invoice Item"
  sourceId: "883e15b3-1628-474c-a404-26cf84daf712"
  Assets:CurrentAssets:ShopInventory:GoldJewelry -2162.56 HKD
  category: "Gold Jewelry"
  sku: "DDFF23051704000000000018"
  qty: 1
  referenceNo: "561"
  orderId: "9cf90416-9ce9-4ca0-8dcb-db92473ceeea"
  type: "Invoice Item"
  sourceId: "54e9a551-b049-4d18-b69a-d157175d2524"
  Assets:CurrentAssets:ShopInventory:GoldJewelry -2794.17 HKD
  category: "Gold Jewelry"
  sku: "DDFF23051704000000000017"
  qty: 1
  referenceNo: "561"
  orderId: "9cf90416-9ce9-4ca0-8dcb-db92473ceeea"
  type: "Invoice Item"
  sourceId: "7ce2c735-fd13-4525-b193-6e9c217e1f4d"
  Assets:CurrentAssets:ShopInventory:GoldJewelry -1908.55 HKD
  category: "Gold Jewelry"
  sku: "DDFF23051704000000000007"
  qty: 1
  referenceNo: "561"
  orderId: "9cf90416-9ce9-4ca0-8dcb-db92473ceeea"
  type: "Invoice Item"
  sourceId: "d528cbf9-d164-4649-8860-ae53dad38f79"
  Assets:CurrentAssets:ShopInventory:GoldJewelry -2341.06 HKD
  category: "Gold Jewelry"
  sku: "DDFF23051704000000000010"
  qty: 1
  referenceNo: "561"
  orderId: "9cf90416-9ce9-4ca0-8dcb-db92473ceeea"
  type: "Invoice Item"
  sourceId: "7f98f1e6-0435-44fe-8c9f-d28dacebfcce"
  Assets:CurrentAssets:ShopInventory:GoldJewelry -7400.79 HKD
  category: "Gold Jewelry"
  sku: "DDFF23051204000000000052"
  qty: 1
  referenceNo: "561"
  orderId: "9cf90416-9ce9-4ca0-8dcb-db92473ceeea"
  type: "Invoice Item"
  sourceId: "52a1964d-edb5-4016-af20-1b5314b38768"
  Assets:CurrentAssets:ShopInventory:GoldJewelry -16394.33 HKD
  category: "Gold Jewelry"
  sku: "DDFF23051704000000000044"
  qty: 1
  referenceNo: "561"
  orderId: "9cf90416-9ce9-4ca0-8dcb-db92473ceeea"
  type: "Invoice Item"
  sourceId: "9e2447f8-a46b-4c16-8557-a36b4bbfda04"
  Assets:CurrentAssets:ShopInventory:GoldJewelry -9762.45 HKD
  category: "Gold Jewelry"
  sku: "DDFF23051204000000000053"
  qty: 1
  referenceNo: "561"
  orderId: "9cf90416-9ce9-4ca0-8dcb-db92473ceeea"
  type: "Invoice Item"
  sourceId: "b86bdda7-075f-4573-bf82-090cbec65929"
  Assets:CurrentAssets:ShopInventory:GoldJewelry -9089.65 HKD
  category: "Gold Jewelry"
  sku: "DDFF23051704000000000068"
  qty: 1
  referenceNo: "561"
  orderId: "9cf90416-9ce9-4ca0-8dcb-db92473ceeea"
  type: "Invoice Item"
  sourceId: "be7cba5e-85de-48ba-a05a-5b6feb2938e1"
  Assets:CurrentAssets:ShopInventory:GoldJewelry -2059.59 HKD
  category: "Gold Jewelry"
  sku: "DDFF23051704000000000025"
  qty: 1
  referenceNo: "561"
  orderId: "9cf90416-9ce9-4ca0-8dcb-db92473ceeea"
  type: "Invoice Item"
  sourceId: "cbc90c7b-2700-4f6a-b6b2-431d1025a8be"
  Assets:CurrentAssets:AccountReceivable
  referenceNo: "561"
  orderId: "9cf90416-9ce9-4ca0-8dcb-db92473ceeea"
  type: "Invoice"
  sourceId: "9cf90416-9ce9-4ca0-8dcb-db92473ceeea"
  contact: "998 12345708 (DavidKwan(Director)) [02ab8da0-959b-440e-9733-c02eab1b0288]"
2024-11-23 * "Invoice #563 CHANGE FOR OTHER GOLD PRODUCT #1385.41G（38.42g*686.81）"
  Assets:CurrentAssets:ShopInventory:GoldJewelry -645.00 HKD
  category: "Gold Jewelry"
  sku: "DD2310200000000000000135"
  qty: 1
  referenceNo: "563"
  orderId: "c245ded5-7136-488f-8081-2804ea15c91a"
  type: "Invoice Item"
  sourceId: "fba4309b-ccca-46e0-91af-7ae2a61f7018"
  Assets:CurrentAssets:ShopInventory:GoldJewelry -638.00 HKD
  category: "Gold Jewelry"
  sku: "DD2310200000000000000136"
  qty: 1
  referenceNo: "563"
  orderId: "c245ded5-7136-488f-8081-2804ea15c91a"
  type: "Invoice Item"
  sourceId: "9a974d62-8232-4b17-beb4-08a0f9fd565d"
  Assets:CurrentAssets:ShopInventory:GoldJewelry -2156.00 HKD
  category: "Gold Jewelry"
  sku: "DD2310200000000000000131"
  qty: 1
  referenceNo: "563"
  orderId: "c245ded5-7136-488f-8081-2804ea15c91a"
  type: "Invoice Item"
  sourceId: "e82bd12e-6d35-4865-8b72-65288c12201c"
  Assets:CurrentAssets:ShopInventory:GoldJewelry -432.00 HKD
  category: "Gold Jewelry"
  sku: "DDFF2305120A000000000039"
  qty: 1
  referenceNo: "563"
  orderId: "c245ded5-7136-488f-8081-2804ea15c91a"
  type: "Invoice Item"
  sourceId: "81544b98-5fde-49cf-bbdd-1080747e3332"
  Assets:CurrentAssets:ShopInventory:GoldJewelry -1799.00 HKD
  category: "Gold Jewelry"
  sku: "DDFF2305170A000000000004"
  qty: 1
  referenceNo: "563"
  orderId: "c245ded5-7136-488f-8081-2804ea15c91a"
  type: "Invoice Item"
  sourceId: "77259a2a-3d58-4e52-95b5-2259b31fa66e"
  Assets:CurrentAssets:ShopInventory:GoldJewelry -528.00 HKD
  category: "Gold Jewelry"
  sku: "DDFF2305120A000000000051"
  qty: 1
  referenceNo: "563"
  orderId: "c245ded5-7136-488f-8081-2804ea15c91a"
  type: "Invoice Item"
  sourceId: "6c117610-479b-414f-b358-b8a5ae10b598"
  Assets:CurrentAssets:ShopInventory:GoldJewelry -625.00 HKD
  category: "Gold Jewelry"
  sku: "DDFF2305120A000000000044"
  qty: 1
  referenceNo: "563"
  orderId: "c245ded5-7136-488f-8081-2804ea15c91a"
  type: "Invoice Item"
  sourceId: "fed6f89d-df68-4239-b294-5b15908daaba"
  Assets:CurrentAssets:ShopInventory:GoldJewelry -1043.00 HKD
  category: "Gold Jewelry"
  sku: "DDFF2305120A000000000012"
  qty: 1
  referenceNo: "563"
  orderId: "c245ded5-7136-488f-8081-2804ea15c91a"
  type: "Invoice Item"
  sourceId: "fe4dcd81-c4b3-4231-89a5-74c98698e692"
  Assets:CurrentAssets:ShopInventory:GoldJewelry -522.00 HKD
  category: "Gold Jewelry"
  sku: "DDFF2305120A000000000022"
  qty: 1
  referenceNo: "563"
  orderId: "c245ded5-7136-488f-8081-2804ea15c91a"
  type: "Invoice Item"
  sourceId: "3827dbf1-8d90-4059-91bb-fc2c963b6071"
  Assets:CurrentAssets:ShopInventory:GoldJewelry -1720.00 HKD
  category: "Gold Jewelry"
  sku: "DD2310200000000000000093"
  qty: 1
  referenceNo: "563"
  orderId: "c245ded5-7136-488f-8081-2804ea15c91a"
  type: "Invoice Item"
  sourceId: "e7139f1c-c87e-4881-a82c-2a27cdea7092"
  Assets:CurrentAssets:ShopInventory:GoldJewelry -3234.00 HKD
  category: "Gold Jewelry"
  sku: "DDFF2305120A000000000002"
  qty: 1
  referenceNo: "563"
  orderId: "c245ded5-7136-488f-8081-2804ea15c91a"
  type: "Invoice Item"
  sourceId: "16a31157-1626-4d40-9136-929a4871cd4c"
  Assets:CurrentAssets:ShopInventory:GoldJewelry -3783.00 HKD
  category: "Gold Jewelry"
  sku: "DDFF2305120A000000000003"
  qty: 1
  referenceNo: "563"
  orderId: "c245ded5-7136-488f-8081-2804ea15c91a"
  type: "Invoice Item"
  sourceId: "a52a9e21-359c-4e16-9dd9-44ac2a4d8216"
  Assets:CurrentAssets:ShopInventory:GoldJewelry -6852.00 HKD
  category: "Gold Jewelry"
  sku: "DDFF2305120A000000000006"
  qty: 1
  referenceNo: "563"
  orderId: "c245ded5-7136-488f-8081-2804ea15c91a"
  type: "Invoice Item"
  sourceId: "1fd58782-2a9d-46b5-9a8c-8acacca8d7b3"
  Assets:CurrentAssets:ShopInventory:GoldJewelry -584.00 HKD
  category: "Gold Jewelry"
  sku: "DD2310200000000000000137"
  qty: 1
  referenceNo: "563"
  orderId: "c245ded5-7136-488f-8081-2804ea15c91a"
  type: "Invoice Item"
  sourceId: "6854c263-0946-450d-9885-90ca1e87e43a"
  Assets:CurrentAssets:ShopInventory:GoldJewelry -1867.00 HKD
  category: "Gold Jewelry"
  sku: "DDFF2305120A000000000059"
  qty: 1
  referenceNo: "563"
  orderId: "c245ded5-7136-488f-8081-2804ea15c91a"
  type: "Invoice Item"
  sourceId: "e7b2d07b-1b57-4bb3-98a9-44bca332c27f"
  Assets:CurrentAssets:AccountReceivable
  referenceNo: "563"
  orderId: "c245ded5-7136-488f-8081-2804ea15c91a"
  type: "Invoice"
  sourceId: "c245ded5-7136-488f-8081-2804ea15c91a"
  contact: "998 12345708 (DavidKwan(Director)) [02ab8da0-959b-440e-9733-c02eab1b0288]"
2024-11-23 * "Invoice #564 CHANGE FOR OTHER GOLD PRODUCT #1385.41G（159.7g*686.81）"
  Assets:CurrentAssets:ShopInventory:GoldJewelry -8396.00 HKD
  category: "Gold Jewelry"
  sku: "DDFF23051703000000000026"
  qty: 1
  referenceNo: "564"
  orderId: "0fd261ad-dd23-4497-882c-3a08f6f4b09b"
  type: "Invoice Item"
  sourceId: "138091b0-1a27-4eeb-9e48-a51036c7f296"
  Assets:CurrentAssets:ShopInventory:GoldJewelry -13168.00 HKD
  category: "Gold Jewelry"
  sku: "DDFF23051203000000000024"
  qty: 1
  referenceNo: "564"
  orderId: "0fd261ad-dd23-4497-882c-3a08f6f4b09b"
  type: "Invoice Item"
  sourceId: "f7e3899a-cca2-43d9-92e6-c34923b6d127"
  Assets:CurrentAssets:ShopInventory:GoldJewelry -4909.00 HKD
  category: "Gold Jewelry"
  sku: "DDFF23051703000000000030"
  qty: 1
  referenceNo: "564"
  orderId: "0fd261ad-dd23-4497-882c-3a08f6f4b09b"
  type: "Invoice Item"
  sourceId: "dd1c8ce7-6a91-49ba-87ba-99bfda43c934"
  Assets:CurrentAssets:ShopInventory:GoldJewelry -8286.00 HKD
  category: "Gold Jewelry"
  sku: "DDFF23051703000000000037"
  qty: 1
  referenceNo: "564"
  orderId: "0fd261ad-dd23-4497-882c-3a08f6f4b09b"
  type: "Invoice Item"
  sourceId: "377f9c09-8a15-47a6-8803-7535d9bb7fc4"
  Assets:CurrentAssets:ShopInventory:GoldJewelry -8595.00 HKD
  category: "Gold Jewelry"
  sku: "DDFF23051703000000000027"
  qty: 1
  referenceNo: "564"
  orderId: "0fd261ad-dd23-4497-882c-3a08f6f4b09b"
  type: "Invoice Item"
  sourceId: "abeee939-9145-48a3-82b2-e15b48ed8cb3"
  Assets:CurrentAssets:ShopInventory:GoldJewelry -8685.00 HKD
  category: "Gold Jewelry"
  sku: "DDFF23051703000000000035"
  qty: 1
  referenceNo: "564"
  orderId: "0fd261ad-dd23-4497-882c-3a08f6f4b09b"
  type: "Invoice Item"
  sourceId: "c2970d5b-2e7c-4d74-b3a4-00c4308f4aa1"
  Assets:CurrentAssets:ShopInventory:GoldJewelry -7414.00 HKD
  category: "Gold Jewelry"
  sku: "DDFF23051703000000000031"
  qty: 1
  referenceNo: "564"
  orderId: "0fd261ad-dd23-4497-882c-3a08f6f4b09b"
  type: "Invoice Item"
  sourceId: "825392e5-c847-4428-9cd0-1c5b1a288af2"
  Assets:CurrentAssets:ShopInventory:GoldJewelry -4297.00 HKD
  category: "Gold Jewelry"
  sku: "DDFF23051703000000000025"
  qty: 1
  referenceNo: "564"
  orderId: "0fd261ad-dd23-4497-882c-3a08f6f4b09b"
  type: "Invoice Item"
  sourceId: "255b7348-61a3-4cef-8ccf-5a936b7d3f33"
  Assets:CurrentAssets:ShopInventory:GoldJewelry -6549.00 HKD
  category: "Gold Jewelry"
  sku: "DDFF23051703000000000029"
  qty: 1
  referenceNo: "564"
  orderId: "0fd261ad-dd23-4497-882c-3a08f6f4b09b"
  type: "Invoice Item"
  sourceId: "3ad6bbb2-7bf5-4eec-89b6-11663f25d73f"
  Assets:CurrentAssets:ShopInventory:GoldJewelry -14218.00 HKD
  category: "Gold Jewelry"
  sku: "DDFF23051703000000000038"
  qty: 1
  referenceNo: "564"
  orderId: "0fd261ad-dd23-4497-882c-3a08f6f4b09b"
  type: "Invoice Item"
  sourceId: "6a45534f-39b3-4df9-9afb-43baabaf12bb"
  Assets:CurrentAssets:ShopInventory:GoldJewelry -6309.00 HKD
  category: "Gold Jewelry"
  sku: "DDFF23051703000000000017"
  qty: 1
  referenceNo: "564"
  orderId: "0fd261ad-dd23-4497-882c-3a08f6f4b09b"
  type: "Invoice Item"
  sourceId: "27cdb3a8-e4ac-4704-8d80-10f508b7ad57"
  Assets:CurrentAssets:ShopInventory:GoldJewelry -2801.00 HKD
  category: "Gold Jewelry"
  sku: "DDFF23051203000000000023"
  qty: 1
  referenceNo: "564"
  orderId: "0fd261ad-dd23-4497-882c-3a08f6f4b09b"
  type: "Invoice Item"
  sourceId: "d4df58e2-5528-4e3c-994b-47947c4d6fea"
  Assets:CurrentAssets:ShopInventory:GoldJewelry -4909.00 HKD
  category: "Gold Jewelry"
  sku: "DDFF23051703000000000024"
  qty: 1
  referenceNo: "564"
  orderId: "0fd261ad-dd23-4497-882c-3a08f6f4b09b"
  type: "Invoice Item"
  sourceId: "70df0143-1fdf-4780-8dc5-c50432cdfb4e"
  Assets:CurrentAssets:ShopInventory:GoldJewelry -5286.00 HKD
  category: "Gold Jewelry"
  sku: "DDFF23051903000000000006"
  qty: 1
  referenceNo: "564"
  orderId: "0fd261ad-dd23-4497-882c-3a08f6f4b09b"
  type: "Invoice Item"
  sourceId: "06f1b6cc-d965-4f12-9696-ec7fd3fc645a"
  Assets:CurrentAssets:ShopInventory:GoldJewelry -5815.00 HKD
  category: "Gold Jewelry"
  sku: "DDFF23051903000000000007"
  qty: 1
  referenceNo: "564"
  orderId: "0fd261ad-dd23-4497-882c-3a08f6f4b09b"
  type: "Invoice Item"
  sourceId: "17b799a7-5420-4f93-b5d2-39337b66f676"
  Assets:CurrentAssets:AccountReceivable
  referenceNo: "564"
  orderId: "0fd261ad-dd23-4497-882c-3a08f6f4b09b"
  type: "Invoice"
  sourceId: "0fd261ad-dd23-4497-882c-3a08f6f4b09b"
  contact: "998 12345708 (DavidKwan(Director)) [02ab8da0-959b-440e-9733-c02eab1b0288]"
2024-11-23 * "Invoice #565 CHANGE FOR OTHER GOLD PRODUCT #1385.41G（103g*686.81）"
  Assets:CurrentAssets:ShopInventory:GoldJewelry -5540.00 HKD
  category: "Gold Jewelry"
  sku: "DDFF23051203000000000001"
  qty: 1
  referenceNo: "565"
  orderId: "c64e7820-4529-4cec-9e13-a834fa5566bf"
  type: "Invoice Item"
  sourceId: "267daa60-3fd1-46e1-9481-2246cd2394a1"
  Assets:CurrentAssets:ShopInventory:GoldJewelry -6460.00 HKD
  category: "Gold Jewelry"
  sku: "DDFF23051703000000000054"
  qty: 1
  referenceNo: "565"
  orderId: "c64e7820-4529-4cec-9e13-a834fa5566bf"
  type: "Invoice Item"
  sourceId: "2c1fc5c2-04e5-41df-b1f8-593fe798e91b"
  Assets:CurrentAssets:ShopInventory:GoldJewelry -3426.00 HKD
  category: "Gold Jewelry"
  sku: "DDFF23051903000000000005"
  qty: 1
  referenceNo: "565"
  orderId: "c64e7820-4529-4cec-9e13-a834fa5566bf"
  type: "Invoice Item"
  sourceId: "70fbae2d-4f2a-426a-9362-999fba2ee46e"
  Assets:CurrentAssets:ShopInventory:GoldJewelry -5636.00 HKD
  category: "Gold Jewelry"
  sku: "DDFF23051703000000000018"
  qty: 1
  referenceNo: "565"
  orderId: "c64e7820-4529-4cec-9e13-a834fa5566bf"
  type: "Invoice Item"
  sourceId: "1bc77285-44b1-4bdf-b6d1-7476cae5f147"
  Assets:CurrentAssets:ShopInventory:GoldJewelry -2890.00 HKD
  category: "Gold Jewelry"
  sku: "DDFF23051703000000000011"
  qty: 1
  referenceNo: "565"
  orderId: "c64e7820-4529-4cec-9e13-a834fa5566bf"
  type: "Invoice Item"
  sourceId: "07b2ee82-3084-445e-b245-7f168cc8a7f0"
  Assets:CurrentAssets:ShopInventory:GoldJewelry -2767.00 HKD
  category: "Gold Jewelry"
  sku: "DDFF23051903000000000002"
  qty: 1
  referenceNo: "565"
  orderId: "c64e7820-4529-4cec-9e13-a834fa5566bf"
  type: "Invoice Item"
  sourceId: "ad706da1-545c-4065-acc5-9ee70bd78116"
  Assets:CurrentAssets:ShopInventory:GoldJewelry -4400.00 HKD
  category: "Gold Jewelry"
  sku: "DDFF23051903000000000009"
  qty: 1
  referenceNo: "565"
  orderId: "c64e7820-4529-4cec-9e13-a834fa5566bf"
  type: "Invoice Item"
  sourceId: "a3293fd9-1d1c-47ed-b13a-66eb9f1d6544"
  Assets:CurrentAssets:ShopInventory:GoldJewelry -6604.00 HKD
  category: "Gold Jewelry"
  sku: "DDFF23051703000000000071"
  qty: 1
  referenceNo: "565"
  orderId: "c64e7820-4529-4cec-9e13-a834fa5566bf"
  type: "Invoice Item"
  sourceId: "2fd9a8dd-a0c5-47a9-9b72-bc5396db7c86"
  Assets:CurrentAssets:ShopInventory:GoldJewelry -6186.00 HKD
  category: "Gold Jewelry"
  sku: "DDFF23051703000000000020"
  qty: 1
  referenceNo: "565"
  orderId: "c64e7820-4529-4cec-9e13-a834fa5566bf"
  type: "Invoice Item"
  sourceId: "8bd9e502-a7be-4be7-b47f-4d112f7fb5aa"
  Assets:CurrentAssets:ShopInventory:GoldJewelry -6048.00 HKD
  category: "Gold Jewelry"
  sku: "DDFF23051703000000000055"
  qty: 1
  referenceNo: "565"
  orderId: "c64e7820-4529-4cec-9e13-a834fa5566bf"
  type: "Invoice Item"
  sourceId: "35bac466-905d-48c4-8b37-444e99e66724"
  Assets:CurrentAssets:ShopInventory:GoldJewelry -3069.00 HKD
  category: "Gold Jewelry"
  sku: "DDFF23051903000000000001"
  qty: 1
  referenceNo: "565"
  orderId: "c64e7820-4529-4cec-9e13-a834fa5566bf"
  type: "Invoice Item"
  sourceId: "bcd6e4b2-7552-415c-8b62-6cc9aad49f78"
  Assets:CurrentAssets:ShopInventory:GoldJewelry -6460.00 HKD
  category: "Gold Jewelry"
  sku: "DDFF23051703000000000044"
  qty: 1
  referenceNo: "565"
  orderId: "c64e7820-4529-4cec-9e13-a834fa5566bf"
  type: "Invoice Item"
  sourceId: "7a271f0d-da42-4cfb-b3e0-34711753a36c"
  Assets:CurrentAssets:ShopInventory:GoldJewelry -4332.00 HKD
  category: "Gold Jewelry"
  sku: "DDFF23051703000000000046"
  qty: 1
  referenceNo: "565"
  orderId: "c64e7820-4529-4cec-9e13-a834fa5566bf"
  type: "Invoice Item"
  sourceId: "28effda1-0c3f-4ac1-aed0-cedaef91c849"
  Assets:CurrentAssets:ShopInventory:GoldJewelry -3014.00 HKD
  category: "Gold Jewelry"
  sku: "DDFF23051903000000000003"
  qty: 1
  referenceNo: "565"
  orderId: "c64e7820-4529-4cec-9e13-a834fa5566bf"
  type: "Invoice Item"
  sourceId: "f0d6e913-6f9a-44ab-9ee3-f5f71bf6290e"
  Assets:CurrentAssets:ShopInventory:GoldJewelry -3879.00 HKD
  category: "Gold Jewelry"
  sku: "DDFF23051903000000000004"
  qty: 1
  referenceNo: "565"
  orderId: "c64e7820-4529-4cec-9e13-a834fa5566bf"
  type: "Invoice Item"
  sourceId: "ea146769-3f4e-4f80-8755-7986d01a8b7a"
  Assets:CurrentAssets:AccountReceivable
  referenceNo: "565"
  orderId: "c64e7820-4529-4cec-9e13-a834fa5566bf"
  type: "Invoice"
  sourceId: "c64e7820-4529-4cec-9e13-a834fa5566bf"
  contact: "998 12345708 (DavidKwan(Director)) [02ab8da0-959b-440e-9733-c02eab1b0288]"
2024-11-23 * "Invoice #566 CHANGE FOR OTHER GOLD PRODUCT #1385.41G（168.93g*686.81）"
  Assets:CurrentAssets:ShopInventory:GoldJewelry -14101.00 HKD
  category: "Gold Jewelry"
  sku: "DDFF2305170C000000000005"
  qty: 1
  referenceNo: "566"
  orderId: "b4ffdbe4-8346-4e1e-bb43-559894bbdb2d"
  type: "Invoice Item"
  sourceId: "0383850c-fc66-4c01-a121-8933ea98134b"
  Assets:CurrentAssets:ShopInventory:GoldJewelry -5595.00 HKD
  category: "Gold Jewelry"
  sku: "DDFF23051905000000000004"
  qty: 1
  referenceNo: "566"
  orderId: "b4ffdbe4-8346-4e1e-bb43-559894bbdb2d"
  type: "Invoice Item"
  sourceId: "1e29c016-8f15-4495-ac57-569ee8318eff"
  Assets:CurrentAssets:ShopInventory:GoldJewelry -2822.00 HKD
  category: "Gold Jewelry"
  sku: "DDFF23051703000000000050"
  qty: 1
  referenceNo: "566"
  orderId: "b4ffdbe4-8346-4e1e-bb43-559894bbdb2d"
  type: "Invoice Item"
  sourceId: "5611fc3d-6490-4f9f-9439-f3f748227abd"
  Assets:CurrentAssets:ShopInventory:GoldJewelry -4538.00 HKD
  category: "Gold Jewelry"
  sku: "DDFF23051703000000000067"
  qty: 1
  referenceNo: "566"
  orderId: "b4ffdbe4-8346-4e1e-bb43-559894bbdb2d"
  type: "Invoice Item"
  sourceId: "accea9f4-d173-48fc-9da7-4264cc5bf56e"
  Assets:CurrentAssets:ShopInventory:GoldJewelry -3604.00 HKD
  category: "Gold Jewelry"
  sku: "DDFF23051703000000000049"
  qty: 1
  referenceNo: "566"
  orderId: "b4ffdbe4-8346-4e1e-bb43-559894bbdb2d"
  type: "Invoice Item"
  sourceId: "e7e423b2-0bd1-4406-8b3e-6a4524b65aa0"
  Assets:CurrentAssets:ShopInventory:GoldJewelry -4785.00 HKD
  category: "Gold Jewelry"
  sku: "DDFF23051703000000000059"
  qty: 1
  referenceNo: "566"
  orderId: "b4ffdbe4-8346-4e1e-bb43-559894bbdb2d"
  type: "Invoice Item"
  sourceId: "dd0666b5-8559-4fa4-89f0-4ca0e4cb07ff"
  Assets:CurrentAssets:ShopInventory:GoldJewelry -6337.00 HKD
  category: "Gold Jewelry"
  sku: "DDFF23051703000000000065"
  qty: 1
  referenceNo: "566"
  orderId: "b4ffdbe4-8346-4e1e-bb43-559894bbdb2d"
  type: "Invoice Item"
  sourceId: "56f4c11d-76ee-46c6-bd5d-500c51cee93e"
  Assets:CurrentAssets:ShopInventory:GoldJewelry -3845.00 HKD
  category: "Gold Jewelry"
  sku: "DDFF23051703000000000070"
  qty: 1
  referenceNo: "566"
  orderId: "b4ffdbe4-8346-4e1e-bb43-559894bbdb2d"
  type: "Invoice Item"
  sourceId: "8ac1d112-eff2-46c8-bc8a-5da2079a8d82"
  Assets:CurrentAssets:ShopInventory:GoldJewelry -3741.00 HKD
  category: "Gold Jewelry"
  sku: "DDFF23051703000000000052"
  qty: 1
  referenceNo: "566"
  orderId: "b4ffdbe4-8346-4e1e-bb43-559894bbdb2d"
  type: "Invoice Item"
  sourceId: "e35645da-29dd-4eeb-9638-15cf98a06569"
  Assets:CurrentAssets:ShopInventory:GoldJewelry -24035.00 HKD
  category: "Gold Jewelry"
  sku: "DDFF2305120C000000000001"
  qty: 1
  referenceNo: "566"
  orderId: "b4ffdbe4-8346-4e1e-bb43-559894bbdb2d"
  type: "Invoice Item"
  sourceId: "c7b17400-f2eb-4e02-8578-002c586802b2"
  Assets:CurrentAssets:ShopInventory:GoldJewelry -24035.00 HKD
  category: "Gold Jewelry"
  sku: "DDFF2305120C000000000002"
  qty: 1
  referenceNo: "566"
  orderId: "b4ffdbe4-8346-4e1e-bb43-559894bbdb2d"
  type: "Invoice Item"
  sourceId: "0ff8913f-0027-4fcf-b8ee-40179cf907e5"
  Assets:CurrentAssets:ShopInventory:GoldJewelry -7126.00 HKD
  category: "Gold Jewelry"
  sku: "DDFF2305170C000000000004"
  qty: 1
  referenceNo: "566"
  orderId: "b4ffdbe4-8346-4e1e-bb43-559894bbdb2d"
  type: "Invoice Item"
  sourceId: "8dd3a0cc-719a-4964-8e3c-a32e23c6a1a3"
  Assets:CurrentAssets:ShopInventory:GoldJewelry -3755.00 HKD
  category: "Gold Jewelry"
  sku: "DDFF2305170C000000000003"
  qty: 1
  referenceNo: "566"
  orderId: "b4ffdbe4-8346-4e1e-bb43-559894bbdb2d"
  type: "Invoice Item"
  sourceId: "7d207f9c-edeb-44a3-8060-ea9319c8f477"
  Assets:CurrentAssets:ShopInventory:GoldJewelry -3735.00 HKD
  category: "Gold Jewelry"
  sku: "DDFF2305170C000000000002"
  qty: 1
  referenceNo: "566"
  orderId: "b4ffdbe4-8346-4e1e-bb43-559894bbdb2d"
  type: "Invoice Item"
  sourceId: "36f2c528-c469-46e0-a63a-be28cf61d45e"
  Assets:CurrentAssets:ShopInventory:GoldJewelry -3920.00 HKD
  category: "Gold Jewelry"
  sku: "DDFF2305170C000000000001"
  qty: 1
  referenceNo: "566"
  orderId: "b4ffdbe4-8346-4e1e-bb43-559894bbdb2d"
  type: "Invoice Item"
  sourceId: "69b9cb61-0e37-47de-9285-0a0bb9d3c4be"
  Assets:CurrentAssets:AccountReceivable
  referenceNo: "566"
  orderId: "b4ffdbe4-8346-4e1e-bb43-559894bbdb2d"
  type: "Invoice"
  sourceId: "b4ffdbe4-8346-4e1e-bb43-559894bbdb2d"
  contact: "998 12345708 (DavidKwan(Director)) [02ab8da0-959b-440e-9733-c02eab1b0288]"
2024-11-23 * "Invoice #567 CHANGE FOR OTHER GOLD PRODUCT #1385.41G（123.98g*686.81）"
  Assets:CurrentAssets:ShopInventory:GoldJewelry -5849.00 HKD
  category: "Gold Jewelry"
  sku: "DD2310200000000000000152"
  qty: 1
  referenceNo: "567"
  orderId: "69661403-2e9d-4d0e-b633-6beb1c2009b9"
  type: "Invoice Item"
  sourceId: "2768cb8a-bd31-4279-8d74-fb308e64b24c"
  Assets:CurrentAssets:ShopInventory:GoldJewelry -4531.00 HKD
  category: "Gold Jewelry"
  sku: "DD2310200000000000000044"
  qty: 1
  referenceNo: "567"
  orderId: "69661403-2e9d-4d0e-b633-6beb1c2009b9"
  type: "Invoice Item"
  sourceId: "418a30a2-0be1-43eb-9beb-548e127811aa"
  Assets:CurrentAssets:ShopInventory:GoldJewelry -9089.00 HKD
  category: "Gold Jewelry"
  sku: "DDFF23051704000000000050"
  qty: 1
  referenceNo: "567"
  orderId: "69661403-2e9d-4d0e-b633-6beb1c2009b9"
  type: "Invoice Item"
  sourceId: "d0ef1634-70b3-4c63-8676-dc9524c7ac26"
  Assets:CurrentAssets:ShopInventory:GoldJewelry -6868.00 HKD
  category: "Gold Jewelry"
  sku: "DDFF23051704000000000052"
  qty: 1
  referenceNo: "567"
  orderId: "69661403-2e9d-4d0e-b633-6beb1c2009b9"
  type: "Invoice Item"
  sourceId: "7f33f043-6ef7-4986-b380-65121bf4ae11"
  Assets:CurrentAssets:ShopInventory:GoldJewelry -3735.00 HKD
  category: "Gold Jewelry"
  sku: "DDFF23051204000000000014"
  qty: 1
  referenceNo: "567"
  orderId: "69661403-2e9d-4d0e-b633-6beb1c2009b9"
  type: "Invoice Item"
  sourceId: "c0ad895c-2649-4726-b713-7f678e186dc0"
  Assets:CurrentAssets:ShopInventory:GoldJewelry -4256.00 HKD
  category: "Gold Jewelry"
  sku: "DDFF23051204000000000013"
  qty: 1
  referenceNo: "567"
  orderId: "69661403-2e9d-4d0e-b633-6beb1c2009b9"
  type: "Invoice Item"
  sourceId: "2e221174-3733-420d-86a5-0f90101838aa"
  Assets:CurrentAssets:ShopInventory:GoldJewelry -4051.00 HKD
  category: "Gold Jewelry"
  sku: "DDFF23051704000000000005"
  qty: 1
  referenceNo: "567"
  orderId: "69661403-2e9d-4d0e-b633-6beb1c2009b9"
  type: "Invoice Item"
  sourceId: "03d0938b-c4fc-4f93-b8b3-ca9e7b0b9b3b"
  Assets:CurrentAssets:ShopInventory:GoldJewelry -3886.00 HKD
  category: "Gold Jewelry"
  sku: "DDFF23051704000000000090"
  qty: 1
  referenceNo: "567"
  orderId: "69661403-2e9d-4d0e-b633-6beb1c2009b9"
  type: "Invoice Item"
  sourceId: "d97aa94a-7297-44f9-afdd-54ce214d2542"
  Assets:CurrentAssets:ShopInventory:GoldJewelry -9611.00 HKD
  category: "Gold Jewelry"
  sku: "DDFF23051704000000000051"
  qty: 1
  referenceNo: "567"
  orderId: "69661403-2e9d-4d0e-b633-6beb1c2009b9"
  type: "Invoice Item"
  sourceId: "4c432889-fb33-45e2-91dd-334bc68e22ce"
  Assets:CurrentAssets:ShopInventory:GoldJewelry -4243.00 HKD
  category: "Gold Jewelry"
  sku: "DDFF23051704000000000094"
  qty: 1
  referenceNo: "567"
  orderId: "69661403-2e9d-4d0e-b633-6beb1c2009b9"
  type: "Invoice Item"
  sourceId: "e00fa11d-ff19-4c6b-8c47-14469c7c79c3"
  Assets:CurrentAssets:ShopInventory:GoldJewelry -4696.00 HKD
  category: "Gold Jewelry"
  sku: "DD2310200000000000000042"
  qty: 1
  referenceNo: "567"
  orderId: "69661403-2e9d-4d0e-b633-6beb1c2009b9"
  type: "Invoice Item"
  sourceId: "190bf6ab-eab5-45f0-8498-d238290b415e"
  Assets:CurrentAssets:ShopInventory:GoldJewelry -9398.00 HKD
  category: "Gold Jewelry"
  sku: "DDFF23051704000000000049"
  qty: 1
  referenceNo: "567"
  orderId: "69661403-2e9d-4d0e-b633-6beb1c2009b9"
  type: "Invoice Item"
  sourceId: "f0291b0a-abf6-4f42-b619-e75c325a6290"
  Assets:CurrentAssets:ShopInventory:GoldJewelry -6254.00 HKD
  category: "Gold Jewelry"
  sku: "DDFF23051204000000000015"
  qty: 1
  referenceNo: "567"
  orderId: "69661403-2e9d-4d0e-b633-6beb1c2009b9"
  type: "Invoice Item"
  sourceId: "52904db1-e664-4e14-9b29-1a1ace36e1f9"
  Assets:CurrentAssets:ShopInventory:GoldJewelry -3151.00 HKD
  category: "Gold Jewelry"
  sku: "DDFF23051704000000000001"
  qty: 1
  referenceNo: "567"
  orderId: "69661403-2e9d-4d0e-b633-6beb1c2009b9"
  type: "Invoice Item"
  sourceId: "63d8da75-2b80-42e1-9018-44dbeef03f22"
  Assets:CurrentAssets:ShopInventory:GoldJewelry -5527.00 HKD
  category: "Gold Jewelry"
  sku: "DD2310200000000000000154"
  qty: 1
  referenceNo: "567"
  orderId: "69661403-2e9d-4d0e-b633-6beb1c2009b9"
  type: "Invoice Item"
  sourceId: "0cd7050c-75e0-427e-be08-b13ce14dd488"
  Assets:CurrentAssets:AccountReceivable
  referenceNo: "567"
  orderId: "69661403-2e9d-4d0e-b633-6beb1c2009b9"
  type: "Invoice"
  sourceId: "69661403-2e9d-4d0e-b633-6beb1c2009b9"
  contact: "998 12345708 (DavidKwan(Director)) [02ab8da0-959b-440e-9733-c02eab1b0288]"
2024-11-23 * "Invoice #568 CHANGE FOR OTHER GOLD PRODUCT #1385.41G（181.53g*686.81）"
  Assets:CurrentAssets:ShopInventory:GoldJewelry -20177.00 HKD
  category: "Gold Jewelry"
  sku: "DD2310200000000000000151"
  qty: 1
  referenceNo: "568"
  orderId: "8ff4b745-9b68-4ab2-a470-edd1d6bdc31b"
  type: "Invoice Item"
  sourceId: "f51de842-b72e-4304-ac71-f61ba2ae46bd"
  Assets:CurrentAssets:ShopInventory:GoldJewelry -7318.00 HKD
  category: "Gold Jewelry"
  sku: "DDFF23051204000000000033"
  qty: 1
  referenceNo: "568"
  orderId: "8ff4b745-9b68-4ab2-a470-edd1d6bdc31b"
  type: "Invoice Item"
  sourceId: "e658968a-c190-4394-96b6-e474e013c083"
  Assets:CurrentAssets:ShopInventory:GoldJewelry -5438.00 HKD
  category: "Gold Jewelry"
  sku: "DD2310200000000000000046"
  qty: 1
  referenceNo: "568"
  orderId: "8ff4b745-9b68-4ab2-a470-edd1d6bdc31b"
  type: "Invoice Item"
  sourceId: "b7bc7ad8-207c-43ea-9d9f-3ed39d67d52a"
  Assets:CurrentAssets:ShopInventory:GoldJewelry -12907.00 HKD
  category: "Gold Jewelry"
  sku: "DDFF23051704000000000054"
  qty: 1
  referenceNo: "568"
  orderId: "8ff4b745-9b68-4ab2-a470-edd1d6bdc31b"
  type: "Invoice Item"
  sourceId: "c463765a-440e-4921-8dc5-83ac5de4c2d3"
  Assets:CurrentAssets:ShopInventory:GoldJewelry -3838.00 HKD
  category: "Gold Jewelry"
  sku: "DD2310200000000000000041"
  qty: 1
  referenceNo: "568"
  orderId: "8ff4b745-9b68-4ab2-a470-edd1d6bdc31b"
  type: "Invoice Item"
  sourceId: "53f3728a-06fc-4dd7-9103-c001ed0fd410"
  Assets:CurrentAssets:ShopInventory:GoldJewelry -10161.00 HKD
  category: "Gold Jewelry"
  sku: "DDFF23051704000000000057"
  qty: 1
  referenceNo: "568"
  orderId: "8ff4b745-9b68-4ab2-a470-edd1d6bdc31b"
  type: "Invoice Item"
  sourceId: "ff44343b-8c32-4369-b074-fca128c7efed"
  Assets:CurrentAssets:ShopInventory:GoldJewelry -4854.00 HKD
  category: "Gold Jewelry"
  sku: "DDFF23051204000000000017"
  qty: 1
  referenceNo: "568"
  orderId: "8ff4b745-9b68-4ab2-a470-edd1d6bdc31b"
  type: "Invoice Item"
  sourceId: "a46627bb-8e6e-49eb-b640-0704bcf2a4be"
  Assets:CurrentAssets:ShopInventory:GoldJewelry -11472.00 HKD
  category: "Gold Jewelry"
  sku: "DDFF23051704000000000061"
  qty: 1
  referenceNo: "568"
  orderId: "8ff4b745-9b68-4ab2-a470-edd1d6bdc31b"
  type: "Invoice Item"
  sourceId: "9bd5bf92-da92-4e84-a5a3-1f3e23761986"
  Assets:CurrentAssets:ShopInventory:GoldJewelry -6295.00 HKD
  category: "Gold Jewelry"
  sku: "DD2310200000000000000162"
  qty: 1
  referenceNo: "568"
  orderId: "8ff4b745-9b68-4ab2-a470-edd1d6bdc31b"
  type: "Invoice Item"
  sourceId: "e512b08f-2497-4cd9-9420-1dc7195caff0"
  Assets:CurrentAssets:ShopInventory:GoldJewelry -9296.00 HKD
  category: "Gold Jewelry"
  sku: "DDFF23051704000000000060"
  qty: 1
  referenceNo: "568"
  orderId: "8ff4b745-9b68-4ab2-a470-edd1d6bdc31b"
  type: "Invoice Item"
  sourceId: "a1a0b2bc-ead4-4ae7-8f2e-acb14a6985d9"
  Assets:CurrentAssets:ShopInventory:GoldJewelry -18008.00 HKD
  category: "Gold Jewelry"
  sku: "DDFF23051204000000000029"
  qty: 1
  referenceNo: "568"
  orderId: "8ff4b745-9b68-4ab2-a470-edd1d6bdc31b"
  type: "Invoice Item"
  sourceId: "83f22ed9-0705-4f81-b55f-568a6de82c3c"
  Assets:CurrentAssets:ShopInventory:GoldJewelry -4977.00 HKD
  category: "Gold Jewelry"
  sku: "DD2310200000000000000045"
  qty: 1
  referenceNo: "568"
  orderId: "8ff4b745-9b68-4ab2-a470-edd1d6bdc31b"
  type: "Invoice Item"
  sourceId: "7471f8cd-5a3f-46aa-a2c5-3c1438d6063b"
  Assets:CurrentAssets:ShopInventory:GoldJewelry -5039.00 HKD
  category: "Gold Jewelry"
  sku: "DD2310200000000000000043"
  qty: 1
  referenceNo: "568"
  orderId: "8ff4b745-9b68-4ab2-a470-edd1d6bdc31b"
  type: "Invoice Item"
  sourceId: "02c60347-79fc-4cb7-ae42-1c744d159688"
  Assets:CurrentAssets:ShopInventory:GoldJewelry -4847.00 HKD
  category: "Gold Jewelry"
  sku: "DD2310200000000000000047"
  qty: 1
  referenceNo: "568"
  orderId: "8ff4b745-9b68-4ab2-a470-edd1d6bdc31b"
  type: "Invoice Item"
  sourceId: "05773e05-4b86-4e15-a2b7-f644bea06589"
  Assets:CurrentAssets:AccountReceivable
  referenceNo: "568"
  orderId: "8ff4b745-9b68-4ab2-a470-edd1d6bdc31b"
  type: "Invoice"
  sourceId: "8ff4b745-9b68-4ab2-a470-edd1d6bdc31b"
  contact: "998 12345708 (DavidKwan(Director)) [02ab8da0-959b-440e-9733-c02eab1b0288]"
2024-11-24 * "Bill #1200 417toG17 1385.14g"
  referenceNo: "1200"
  orderId: "51142d2d-5816-4826-9d83-28c49ee548e8"
  type: "Bill"
  Expenses:CostOfSales:Purchase:PurchaseItem:BuyGoldJewelry 26898.25 HKD
  category: "Gold Jewelry"
  sku: "DD2024112400000007"
  qty: 1
  referenceNo: "1200"
  orderId: "51142d2d-5816-4826-9d83-28c49ee548e8"
  type: "Bill Item"
  sourceId: "9f6de264-65af-467e-8485-c01e4df92bb6"
  Expenses:CostOfSales:Purchase:PurchaseItem:BuyGoldJewelry 19003.15 HKD
  category: "Gold Jewelry"
  sku: "DD2024112400000008"
  qty: 1
  referenceNo: "1200"
  orderId: "51142d2d-5816-4826-9d83-28c49ee548e8"
  type: "Bill Item"
  sourceId: "fda64862-5117-4b2d-a14a-14a84b255395"
  Expenses:CostOfSales:Purchase:PurchaseItem:BuyGoldJewelry 35459.27 HKD
  category: "Gold Jewelry"
  sku: "DD2024112400000009"
  qty: 1
  referenceNo: "1200"
  orderId: "51142d2d-5816-4826-9d83-28c49ee548e8"
  type: "Bill Item"
  sourceId: "4b084c8d-a80d-4649-b332-ae39ea8f94c4"
  Expenses:CostOfSales:Purchase:PurchaseItem:BuyGoldJewelry 22085.67 HKD
  category: "Gold Jewelry"
  sku: "DD2024112400000011"
  qty: 1
  referenceNo: "1200"
  orderId: "51142d2d-5816-4826-9d83-28c49ee548e8"
  type: "Bill Item"
  sourceId: "725e8669-f6bd-4ede-871a-ada13384d17d"
  Expenses:CostOfSales:Purchase:PurchaseItem:BuyGoldJewelry 35836.87 HKD
  category: "Gold Jewelry"
  sku: "DD2024112400000005"
  qty: 1
  referenceNo: "1200"
  orderId: "51142d2d-5816-4826-9d83-28c49ee548e8"
  type: "Bill Item"
  sourceId: "d94660cd-bbdd-4b5b-8a27-3067b79433dd"
  Expenses:CostOfSales:Purchase:PurchaseItem:BuyGoldJewelry 24708.21 HKD
  category: "Gold Jewelry"
  sku: "DD2024112400000004"
  qty: 1
  referenceNo: "1200"
  orderId: "51142d2d-5816-4826-9d83-28c49ee548e8"
  type: "Bill Item"
  sourceId: "872de56e-fb96-4689-abc0-354f64be56cf"
  Expenses:CostOfSales:Purchase:PurchaseItem:BuyGoldJewelry 21433.47 HKD
  category: "Gold Jewelry"
  sku: "DD2024112400000006"
  qty: 1
  referenceNo: "1200"
  orderId: "51142d2d-5816-4826-9d83-28c49ee548e8"
  type: "Bill Item"
  sourceId: "ef7d2c3c-ce9f-4cd3-b4b8-e0ad6c8e35fc"
  Expenses:CostOfSales:Purchase:PurchaseItem:BuyGoldJewelry 41898.93 HKD
  category: "Gold Jewelry"
  sku: "DD2024112400000017"
  qty: 1
  referenceNo: "1200"
  orderId: "51142d2d-5816-4826-9d83-28c49ee548e8"
  type: "Bill Item"
  sourceId: "f0f9bc8d-d57b-4595-9173-ba5c9efc3141"
  Expenses:CostOfSales:Purchase:PurchaseItem:BuyGoldJewelry 26815.86 HKD
  category: "Gold Jewelry"
  sku: "DD2024112400000024"
  qty: 1
  referenceNo: "1200"
  orderId: "51142d2d-5816-4826-9d83-28c49ee548e8"
  type: "Bill Item"
  sourceId: "2182b138-503a-4ac7-9df4-54a94024f7e8"
  Expenses:CostOfSales:Purchase:PurchaseItem:BuyGoldJewelry 27687.75 HKD
  category: "Gold Jewelry"
  sku: "DD2024112400000010"
  qty: 1
  referenceNo: "1200"
  orderId: "51142d2d-5816-4826-9d83-28c49ee548e8"
  type: "Bill Item"
  sourceId: "69681c3e-4c23-4a57-80cf-f35c06d845af"
  Expenses:CostOfSales:Purchase:PurchaseItem:BuyGoldJewelry 27763.27 HKD
  category: "Gold Jewelry"
  sku: "DD2024112400000012"
  qty: 1
  referenceNo: "1200"
  orderId: "51142d2d-5816-4826-9d83-28c49ee548e8"
  type: "Bill Item"
  sourceId: "352c1767-f2d1-49b8-a656-bd719bad8fb1"
  Expenses:CostOfSales:Purchase:PurchaseItem:BuyGoldJewelry 17170.12 HKD
  category: "Gold Jewelry"
  sku: "DD2024112400000018"
  qty: 1
  referenceNo: "1200"
  orderId: "51142d2d-5816-4826-9d83-28c49ee548e8"
  type: "Bill Item"
  sourceId: "312e10de-eeed-4641-9ea5-2824cf7a3e89"
  Expenses:CostOfSales:Purchase:PurchaseItem:BuyGoldJewelry 17451.59 HKD
  category: "Gold Jewelry"
  sku: "DD2024112400000028"
  qty: 1
  referenceNo: "1200"
  orderId: "51142d2d-5816-4826-9d83-28c49ee548e8"
  type: "Bill Item"
  sourceId: "37036860-8bc3-413f-aef0-ddc39d8cf672"
  Expenses:CostOfSales:Purchase:PurchaseItem:BuyGoldJewelry 27365.09 HKD
  category: "Gold Jewelry"
  sku: "DD2024112400000026"
  qty: 1
  referenceNo: "1200"
  orderId: "51142d2d-5816-4826-9d83-28c49ee548e8"
  type: "Bill Item"
  sourceId: "9f0b0d2c-5f83-4c2c-b57c-7da1670b2caa"
  Expenses:CostOfSales:Purchase:PurchaseItem:BuyGoldJewelry 13758.06 HKD
  category: "Gold Jewelry"
  sku: "DD2024112400000029"
  qty: 1
  referenceNo: "1200"
  orderId: "51142d2d-5816-4826-9d83-28c49ee548e8"
  type: "Bill Item"
  sourceId: "01184dee-8371-45b1-92e6-bd5b22d0b15e"
  Expenses:CostOfSales:Purchase:PurchaseItem:BuyGoldJewelry 21454.06 HKD
  category: "Gold Jewelry"
  sku: "DD2024112400000002"
  qty: 1
  referenceNo: "1200"
  orderId: "51142d2d-5816-4826-9d83-28c49ee548e8"
  type: "Bill Item"
  sourceId: "86a1f989-cccd-4b56-892d-43403651fe66"
  Expenses:CostOfSales:Purchase:PurchaseItem:BuyGoldJewelry 25957.70 HKD
  category: "Gold Jewelry"
  sku: "DD2024112400000016"
  qty: 1
  referenceNo: "1200"
  orderId: "51142d2d-5816-4826-9d83-28c49ee548e8"
  type: "Bill Item"
  sourceId: "e68b9ad8-1da9-4743-95b1-c06aa62a3bec"
  Expenses:CostOfSales:Purchase:PurchaseItem:BuyGoldJewelry 48434.69 HKD
  category: "Gold Jewelry"
  sku: "DD2024112400000027"
  qty: 1
  referenceNo: "1200"
  orderId: "51142d2d-5816-4826-9d83-28c49ee548e8"
  type: "Bill Item"
  sourceId: "a21bcdf0-1752-4346-934c-9db1cff5fdba"
  Expenses:CostOfSales:Purchase:PurchaseItem:BuyGoldJewelry 40100.22 HKD
  category: "Gold Jewelry"
  sku: "DD2024112400000031"
  qty: 1
  referenceNo: "1200"
  orderId: "51142d2d-5816-4826-9d83-28c49ee548e8"
  type: "Bill Item"
  sourceId: "af0c3102-c997-4e88-aafb-19335e8f6643"
  Expenses:CostOfSales:Purchase:PurchaseItem:BuyGoldJewelry 35315.10 HKD
  category: "Gold Jewelry"
  sku: "DD2024112400000032"
  qty: 1
  referenceNo: "1200"
  orderId: "51142d2d-5816-4826-9d83-28c49ee548e8"
  type: "Bill Item"
  sourceId: "6273f45b-65fa-43e4-a5d2-a309494fa909"
  Expenses:CostOfSales:Purchase:PurchaseItem:BuyGoldJewelry 19826.99 HKD
  category: "Gold Jewelry"
  sku: "DD2024112400000034"
  qty: 1
  referenceNo: "1200"
  orderId: "51142d2d-5816-4826-9d83-28c49ee548e8"
  type: "Bill Item"
  sourceId: "c7b5d141-d034-4a49-80b5-fc09c6c83a1e"
  Expenses:CostOfSales:Purchase:PurchaseItem:BuyGoldJewelry 34690.36 HKD
  category: "Gold Jewelry"
  sku: "DD2024112400000003"
  qty: 1
  referenceNo: "1200"
  orderId: "51142d2d-5816-4826-9d83-28c49ee548e8"
  type: "Bill Item"
  sourceId: "6d9990cb-de03-43e6-88df-e7b921e8e6c1"
  Expenses:CostOfSales:Purchase:PurchaseItem:BuyGoldJewelry 18913.90 HKD
  category: "Gold Jewelry"
  sku: "DD2024112400000001"
  qty: 1
  referenceNo: "1200"
  orderId: "51142d2d-5816-4826-9d83-28c49ee548e8"
  type: "Bill Item"
  sourceId: "cbfe5c44-7051-4e74-af29-e15c4ca3a88c"
  Expenses:CostOfSales:Purchase:PurchaseItem:BuyGoldJewelry 19023.75 HKD
  category: "Gold Jewelry"
  sku: "DD2024112400000013"
  qty: 1
  referenceNo: "1200"
  orderId: "51142d2d-5816-4826-9d83-28c49ee548e8"
  type: "Bill Item"
  sourceId: "61173733-8c89-485e-b1e3-fc8228d3432f"
  Expenses:CostOfSales:Purchase:PurchaseItem:BuyGoldJewelry 27674.02 HKD
  category: "Gold Jewelry"
  sku: "DD2024112400000014"
  qty: 1
  referenceNo: "1200"
  orderId: "51142d2d-5816-4826-9d83-28c49ee548e8"
  type: "Bill Item"
  sourceId: "cdf56eae-ffaa-4184-b0ef-7e7a9887c318"
  Expenses:CostOfSales:Purchase:PurchaseItem:BuyGoldJewelry 14327.88 HKD
  category: "Gold Jewelry"
  sku: "DD2024112400000015"
  qty: 1
  referenceNo: "1200"
  orderId: "51142d2d-5816-4826-9d83-28c49ee548e8"
  type: "Bill Item"
  sourceId: "23343b18-58a6-40b5-a26a-7941e9a2d6e4"
  Expenses:CostOfSales:Purchase:PurchaseItem:BuyGoldJewelry 10009.60 HKD
  category: "Gold Jewelry"
  sku: "DD2024112400000019"
  qty: 1
  referenceNo: "1200"
  orderId: "51142d2d-5816-4826-9d83-28c49ee548e8"
  type: "Bill Item"
  sourceId: "6da551c3-f988-4b1e-bfb4-1b624dcd47c5"
  Expenses:CostOfSales:Purchase:PurchaseItem:BuyGoldJewelry 68749.11 HKD
  category: "Gold Jewelry"
  sku: "DD2024112400000020"
  qty: 1
  referenceNo: "1200"
  orderId: "51142d2d-5816-4826-9d83-28c49ee548e8"
  type: "Bill Item"
  sourceId: "6459f4cb-9cbd-4a59-8bd0-2353631d194f"
  Expenses:CostOfSales:Purchase:PurchaseItem:BuyGoldJewelry 26026.35 HKD
  category: "Gold Jewelry"
  sku: "DD2024112400000021"
  qty: 1
  referenceNo: "1200"
  orderId: "51142d2d-5816-4826-9d83-28c49ee548e8"
  type: "Bill Item"
  sourceId: "4dddf3e5-dc91-46f1-8b36-180ee2a3257a"
  Expenses:CostOfSales:Purchase:PurchaseItem:BuyGoldJewelry 52087.03 HKD
  category: "Gold Jewelry"
  sku: "DD2024112400000022"
  qty: 1
  referenceNo: "1200"
  orderId: "51142d2d-5816-4826-9d83-28c49ee548e8"
  type: "Bill Item"
  sourceId: "4f5ec3af-76ff-45e4-b8be-1f7e1105f31a"
  Expenses:CostOfSales:Purchase:PurchaseItem:BuyGoldJewelry 26623.63 HKD
  category: "Gold Jewelry"
  sku: "DD2024112400000023"
  qty: 1
  referenceNo: "1200"
  orderId: "51142d2d-5816-4826-9d83-28c49ee548e8"
  type: "Bill Item"
  sourceId: "0dcfdbb3-2895-4cbd-a3b4-28e713cd419d"
  Expenses:CostOfSales:Purchase:PurchaseItem:BuyGoldJewelry 29287.37 HKD
  category: "Gold Jewelry"
  sku: "DD2024112400000025"
  qty: 1
  referenceNo: "1200"
  orderId: "51142d2d-5816-4826-9d83-28c49ee548e8"
  type: "Bill Item"
  sourceId: "a955894f-6a65-4d61-8464-2ff81d99a65d"
  Expenses:CostOfSales:Purchase:PurchaseItem:BuyGoldJewelry 10888.37 HKD
  category: "Gold Jewelry"
  sku: "DD2024112400000030"
  qty: 1
  referenceNo: "1200"
  orderId: "51142d2d-5816-4826-9d83-28c49ee548e8"
  type: "Bill Item"
  sourceId: "df3f1b4e-3ccf-476e-8338-64c72dabdd16"
  Expenses:CostOfSales:Purchase:PurchaseItem:BuyGoldJewelry 40512.14 HKD
  category: "Gold Jewelry"
  sku: "DD2024112400000033"
  qty: 1
  referenceNo: "1200"
  orderId: "51142d2d-5816-4826-9d83-28c49ee548e8"
  type: "Bill Item"
  sourceId: "45def8a3-3478-4ceb-b4cd-c459dcafbab5"
  Liabilities:CurrentLiabilities:AccountPayable
  referenceNo: "1200"
  orderId: "51142d2d-5816-4826-9d83-28c49ee548e8"
  type: "Bill"
  sourceId: "51142d2d-5816-4826-9d83-28c49ee548e8"
  contact: "852 62244422 (MilwaysGoldLtd萬寶黄金有限公司) [2dcfeea3-ab5e-40a3-a0af-00101f3873fa]"
2024-11-24 * "Invoice #569 R24131 #12"
  Income:Sales:SalesItem:Sell18kJewelry -2500.00 HKD
  category: "Jewelry"
  sku: "DD2024111600000002"
  qty: 1
  referenceNo: "569"
  orderId: "e5af115a-3dad-43f1-9d66-a636ec887100"
  type: "Invoice Item"
  sourceId: "5c25f924-2022-41d3-a10c-ca3af8edde93"
  Assets:CurrentAssets:AccountReceivable
  referenceNo: "569"
  orderId: "e5af115a-3dad-43f1-9d66-a636ec887100"
  type: "Invoice"
  sourceId: "e5af115a-3dad-43f1-9d66-a636ec887100"
  contact: "852 57449829 (MissChan) [ca565cd1-0bf2-4759-b1bf-91cb001e21e8]"
2024-11-24 * "Assets:CurrentAssets:Bank:KpayBank" "Invoice Payment for Invoice #569 #3ba8668f-d227-4046-8106-5c8081c7ddf7"
  Assets:CurrentAssets:Bank:KpayBank 2500.00 HKD
  type: "Invoice Payment"
  sourceId: "3ba8668f-d227-4046-8106-5c8081c7ddf7"
  referenceNo: "569"
  orderId: "e5af115a-3dad-43f1-9d66-a636ec887100"
  Assets:CurrentAssets:AccountReceivable -2500.00 HKD
  type: "Invoice Payment"
  sourceId: "3ba8668f-d227-4046-8106-5c8081c7ddf7"
  referenceNo: "569"
  orderId: "e5af115a-3dad-43f1-9d66-a636ec887100"
  contact: "852 57449829 (MissChan) [ca565cd1-0bf2-4759-b1bf-91cb001e21e8]"
2024-11-25 * "Bill #1388 BOC VISA Card - David 11月 2024"
  referenceNo: "1388"
  orderId: "8e391008-01ae-444d-8b76-068c63c31391"
  type: "Bill"
  Expenses:GeneralExpense:Subscriptions 78.00 HKD
  qty: "1"
  description: "Microsoft*Microsoft (26 Oct 2024)"
  referenceNo: "1388"
  orderId: "8e391008-01ae-444d-8b76-068c63c31391"
  type: "Bill Item"
  sourceId: "7bf76867-902e-4758-a103-c4e698e47535"
  Expenses:GeneralExpense:Subscriptions 158.73 HKD
  qty: "1"
  description: "VERCEL INC. USD 20 (22 Nov 2024)"
  referenceNo: "1388"
  orderId: "8e391008-01ae-444d-8b76-068c63c31391"
  type: "Bill Item"
  sourceId: "d1f37ba1-26a5-4aae-9a3a-5bed1569b63c"
  Expenses:GeneralExpense:BankFeesExpense 0.74 HKD
  qty: "1"
  description: "Bank Fee - 集團 CCTV監控系統訂閱費 TP-LINK GLOBAL INC. 1 Nov 2024"
  referenceNo: "1388"
  orderId: "8e391008-01ae-444d-8b76-068c63c31391"
  type: "Bill Item"
  sourceId: "8e1eddfe-d1b1-4c48-a8fd-3b33dbc3a0fa"
  Expenses:GeneralExpense:BankFeesExpense 300.00 HKD
  qty: "1"
  description: "BOV VISA 積分 - 換領 David亞洲萬里通費用"
  referenceNo: "1388"
  orderId: "8e391008-01ae-444d-8b76-068c63c31391"
  type: "Bill Item"
  sourceId: "3d30ab74-dd88-4376-b8b6-748bce8dc5a6"
  Liabilities:CurrentLiabilities:CurrentAccount:C-a-MilwaysFactoryLtd 5474.38 HKD
  qty: "1"
  description: "Milways Factory - 物資"
  referenceNo: "1388"
  orderId: "8e391008-01ae-444d-8b76-068c63c31391"
  type: "Bill Item"
  sourceId: "1cb26814-1a41-4349-9bc0-da6d2205a065"
  Liabilities:CurrentLiabilities:CurrentAccount:C-a-MilwaysFinanceLtd 830.93 HKD
  qty: "1"
  description: "Milways Finance - 訂製信用卡物料"
  referenceNo: "1388"
  orderId: "8e391008-01ae-444d-8b76-068c63c31391"
  type: "Bill Item"
  sourceId: "3a6fcdbb-4115-494e-a3f1-afec67e3b253"
  Liabilities:CurrentLiabilities:CurrentAccount:C-a-MilwaysGoldLimited 93.00 HKD
  qty: "1"
  description: "集團 CCTV監控系統訂閱費 TP-LINK GLOBAL INC. 1 Nov 2024"
  referenceNo: "1388"
  orderId: "8e391008-01ae-444d-8b76-068c63c31391"
  type: "Bill Item"
  sourceId: "d0c66632-5706-4835-a2e8-f9614e79bca8"
  Liabilities:CurrentLiabilities:CurrentAccount:C-a-MilwaysGoldLimited 195.00 HKD
  qty: "1"
  description: "Milways Gold - 海關A牌 續期"
  referenceNo: "1388"
  orderId: "8e391008-01ae-444d-8b76-068c63c31391"
  type: "Bill Item"
  sourceId: "fe302adf-1345-4d4a-9675-d52d91b43ff0"
  Liabilities:CurrentLiabilities:CurrentAccount:C-a-MilwaysGoldLimited 15981.70 HKD
  qty: "1"
  description: "Milways Gold -  物資"
  referenceNo: "1388"
  orderId: "8e391008-01ae-444d-8b76-068c63c31391"
  type: "Bill Item"
  sourceId: "da6a68b5-57bf-4032-a523-f5f97c43d1dc"
  Expenses:GeneralExpense:OfficeExpenses 159.97 HKD
  qty: "1"
  description: "DKK -  物資"
  referenceNo: "1388"
  orderId: "8e391008-01ae-444d-8b76-068c63c31391"
  type: "Bill Item"
  sourceId: "35fb9252-6aa9-4089-89a3-3a8f2bac0a40"
  Liabilities:CurrentLiabilities:AccountPayable
  referenceNo: "1388"
  orderId: "8e391008-01ae-444d-8b76-068c63c31391"
  type: "Bill"
  sourceId: "8e391008-01ae-444d-8b76-068c63c31391"
  contact: "880 806 () [53b8789a-4451-4a1f-84f7-a9c5da7ada1a]"
2024-11-25 * "Bill #1389 BOC VISA Card - Sam 11月 STATEMENT"
  referenceNo: "1389"
  orderId: "16045fdc-f0ce-478c-985a-6fdf92f1a3f8"
  type: "Bill"
  Expenses:GeneralExpense:Subscriptions 510.05 HKD
  qty: "1"
  description: "GSI AISBL EUR 59 (4 Nov 2024)"
  referenceNo: "1389"
  orderId: "16045fdc-f0ce-478c-985a-6fdf92f1a3f8"
  type: "Bill Item"
  sourceId: "1f42be57-54d5-46a0-b07e-3abd8ec7d0b5"
  Liabilities:CurrentLiabilities:AccountPayable
  referenceNo: "1389"
  orderId: "16045fdc-f0ce-478c-985a-6fdf92f1a3f8"
  type: "Bill"
  sourceId: "16045fdc-f0ce-478c-985a-6fdf92f1a3f8"
  contact: "880 806 () [53b8789a-4451-4a1f-84f7-a9c5da7ada1a]"
2024-11-25 * "880 806 () [53b8789a-4451-4a1f-84f7-a9c5da7ada1a]" "Bill Payment for Bill #1388 #bd94b0fd-4111-4ea8-9df5-3b3f3ff2db70"
  Liabilities:CurrentLiabilities:AccountPayable 159.97 HKD
  contact: "880 806 () [53b8789a-4451-4a1f-84f7-a9c5da7ada1a]"
  type: "Bill Payment"
  sourceId: "bd94b0fd-4111-4ea8-9df5-3b3f3ff2db70"
  referenceNo: "1388"
  orderId: "8e391008-01ae-444d-8b76-068c63c31391"
  Assets:CurrentAssets:Bank:BocVisaCard-DavidBank -159.97 HKD
  type: "Bill Payment"
  sourceId: "bd94b0fd-4111-4ea8-9df5-3b3f3ff2db70"
  referenceNo: "1388"
  orderId: "8e391008-01ae-444d-8b76-068c63c31391"
2024-11-25 * "880 806 () [53b8789a-4451-4a1f-84f7-a9c5da7ada1a]" "Bill Payment for Bill #1388 #9d2eab1f-4eea-41c3-9d00-8675ae7ac501"
  Liabilities:CurrentLiabilities:AccountPayable 93.00 HKD
  contact: "880 806 () [53b8789a-4451-4a1f-84f7-a9c5da7ada1a]"
  type: "Bill Payment"
  sourceId: "9d2eab1f-4eea-41c3-9d00-8675ae7ac501"
  referenceNo: "1388"
  orderId: "8e391008-01ae-444d-8b76-068c63c31391"
  Assets:CurrentAssets:Bank:BocVisaCard-DavidBank -93.00 HKD
  type: "Bill Payment"
  sourceId: "9d2eab1f-4eea-41c3-9d00-8675ae7ac501"
  referenceNo: "1388"
  orderId: "8e391008-01ae-444d-8b76-068c63c31391"
2024-11-25 * "880 806 () [53b8789a-4451-4a1f-84f7-a9c5da7ada1a]" "Bill Payment for Bill #1388 #8830867e-a99a-4eca-abd5-9d98c1fe73f3"
  Liabilities:CurrentLiabilities:AccountPayable 158.73 HKD
  contact: "880 806 () [53b8789a-4451-4a1f-84f7-a9c5da7ada1a]"
  type: "Bill Payment"
  sourceId: "8830867e-a99a-4eca-abd5-9d98c1fe73f3"
  referenceNo: "1388"
  orderId: "8e391008-01ae-444d-8b76-068c63c31391"
  Assets:CurrentAssets:Bank:BocVisaCard-DavidBank -158.73 HKD
  type: "Bill Payment"
  sourceId: "8830867e-a99a-4eca-abd5-9d98c1fe73f3"
  referenceNo: "1388"
  orderId: "8e391008-01ae-444d-8b76-068c63c31391"
2024-11-25 * "880 806 () [53b8789a-4451-4a1f-84f7-a9c5da7ada1a]" "Bill Payment for Bill #1388 #965fadbb-9176-432f-9206-f8ad2e9cf4e9"
  Liabilities:CurrentLiabilities:AccountPayable 78.00 HKD
  contact: "880 806 () [53b8789a-4451-4a1f-84f7-a9c5da7ada1a]"
  type: "Bill Payment"
  sourceId: "965fadbb-9176-432f-9206-f8ad2e9cf4e9"
  referenceNo: "1388"
  orderId: "8e391008-01ae-444d-8b76-068c63c31391"
  Assets:CurrentAssets:Bank:BocVisaCard-DavidBank -78.00 HKD
  type: "Bill Payment"
  sourceId: "965fadbb-9176-432f-9206-f8ad2e9cf4e9"
  referenceNo: "1388"
  orderId: "8e391008-01ae-444d-8b76-068c63c31391"
2024-11-25 * "880 806 () [53b8789a-4451-4a1f-84f7-a9c5da7ada1a]" "Bill Payment for Bill #1388 #566502a8-2b0c-45cb-a3a1-f7a6eda53051"
  Liabilities:CurrentLiabilities:AccountPayable 0.74 HKD
  contact: "880 806 () [53b8789a-4451-4a1f-84f7-a9c5da7ada1a]"
  type: "Bill Payment"
  sourceId: "566502a8-2b0c-45cb-a3a1-f7a6eda53051"
  referenceNo: "1388"
  orderId: "8e391008-01ae-444d-8b76-068c63c31391"
  Assets:CurrentAssets:Bank:BocVisaCard-DavidBank -0.74 HKD
  type: "Bill Payment"
  sourceId: "566502a8-2b0c-45cb-a3a1-f7a6eda53051"
  referenceNo: "1388"
  orderId: "8e391008-01ae-444d-8b76-068c63c31391"
2024-11-25 * "880 806 () [53b8789a-4451-4a1f-84f7-a9c5da7ada1a]" "Bill Payment for Bill #1388 #7e50460a-f867-4b34-b1c7-381d7f558062"
  Liabilities:CurrentLiabilities:AccountPayable 300.00 HKD
  contact: "880 806 () [53b8789a-4451-4a1f-84f7-a9c5da7ada1a]"
  type: "Bill Payment"
  sourceId: "7e50460a-f867-4b34-b1c7-381d7f558062"
  referenceNo: "1388"
  orderId: "8e391008-01ae-444d-8b76-068c63c31391"
  Assets:CurrentAssets:Bank:BocVisaCard-DavidBank -300.00 HKD
  type: "Bill Payment"
  sourceId: "7e50460a-f867-4b34-b1c7-381d7f558062"
  referenceNo: "1388"
  orderId: "8e391008-01ae-444d-8b76-068c63c31391"
2024-11-25 * "880 806 () [53b8789a-4451-4a1f-84f7-a9c5da7ada1a]" "Bill Payment for Bill #1388 #fed6ce16-d619-4105-af56-ac60715b6cdd"
  Liabilities:CurrentLiabilities:AccountPayable 830.93 HKD
  contact: "880 806 () [53b8789a-4451-4a1f-84f7-a9c5da7ada1a]"
  type: "Bill Payment"
  sourceId: "fed6ce16-d619-4105-af56-ac60715b6cdd"
  referenceNo: "1388"
  orderId: "8e391008-01ae-444d-8b76-068c63c31391"
  Assets:CurrentAssets:Bank:BocVisaCard-DavidBank -830.93 HKD
  type: "Bill Payment"
  sourceId: "fed6ce16-d619-4105-af56-ac60715b6cdd"
  referenceNo: "1388"
  orderId: "8e391008-01ae-444d-8b76-068c63c31391"
2024-11-25 * "880 806 () [53b8789a-4451-4a1f-84f7-a9c5da7ada1a]" "Bill Payment for Bill #1388 #4c19c642-fcd4-4026-b97a-86c358a643d7"
  Liabilities:CurrentLiabilities:AccountPayable 195.00 HKD
  contact: "880 806 () [53b8789a-4451-4a1f-84f7-a9c5da7ada1a]"
  type: "Bill Payment"
  sourceId: "4c19c642-fcd4-4026-b97a-86c358a643d7"
  referenceNo: "1388"
  orderId: "8e391008-01ae-444d-8b76-068c63c31391"
  Assets:CurrentAssets:Bank:BocVisaCard-DavidBank -195.00 HKD
  type: "Bill Payment"
  sourceId: "4c19c642-fcd4-4026-b97a-86c358a643d7"
  referenceNo: "1388"
  orderId: "8e391008-01ae-444d-8b76-068c63c31391"
2024-11-25 * "880 806 () [53b8789a-4451-4a1f-84f7-a9c5da7ada1a]" "Bill Payment for Bill #1389 #8b2e4890-1d73-490c-8cb8-afbed9453eab"
  Liabilities:CurrentLiabilities:AccountPayable 510.05 HKD
  contact: "880 806 () [53b8789a-4451-4a1f-84f7-a9c5da7ada1a]"
  type: "Bill Payment"
  sourceId: "8b2e4890-1d73-490c-8cb8-afbed9453eab"
  referenceNo: "1389"
  orderId: "16045fdc-f0ce-478c-985a-6fdf92f1a3f8"
  Assets:CurrentAssets:Bank:BocVisaCard-SamBank -510.05 HKD
  type: "Bill Payment"
  sourceId: "8b2e4890-1d73-490c-8cb8-afbed9453eab"
  referenceNo: "1389"
  orderId: "16045fdc-f0ce-478c-985a-6fdf92f1a3f8"
2024-11-25 * "880 806 () [53b8789a-4451-4a1f-84f7-a9c5da7ada1a]" "Bill Payment for Bill #1388 #0a19e879-a1a8-4ce3-b74f-6e4020dc6930"
  Liabilities:CurrentLiabilities:AccountPayable 5474.38 HKD
  contact: "880 806 () [53b8789a-4451-4a1f-84f7-a9c5da7ada1a]"
  type: "Bill Payment"
  sourceId: "0a19e879-a1a8-4ce3-b74f-6e4020dc6930"
  referenceNo: "1388"
  orderId: "8e391008-01ae-444d-8b76-068c63c31391"
  Assets:CurrentAssets:Bank:BocVisaCard-DavidBank -5474.38 HKD
  type: "Bill Payment"
  sourceId: "0a19e879-a1a8-4ce3-b74f-6e4020dc6930"
  referenceNo: "1388"
  orderId: "8e391008-01ae-444d-8b76-068c63c31391"
2024-11-25 * "880 806 () [53b8789a-4451-4a1f-84f7-a9c5da7ada1a]" "Bill Payment for Bill #1388 #59557d56-1912-46c0-9ed7-a29736be510e"
  Liabilities:CurrentLiabilities:AccountPayable 15981.70 HKD
  contact: "880 806 () [53b8789a-4451-4a1f-84f7-a9c5da7ada1a]"
  type: "Bill Payment"
  sourceId: "59557d56-1912-46c0-9ed7-a29736be510e"
  referenceNo: "1388"
  orderId: "8e391008-01ae-444d-8b76-068c63c31391"
  Assets:CurrentAssets:Bank:BocVisaCard-DavidBank -15981.70 HKD
  type: "Bill Payment"
  sourceId: "59557d56-1912-46c0-9ed7-a29736be510e"
  referenceNo: "1388"
  orderId: "8e391008-01ae-444d-8b76-068c63c31391"
2024-11-26 * "Bill #1181 11月2024年MPF"
  referenceNo: "1181"
  orderId: "56f1728f-953f-4cf9-9ab5-0440ccafc401"
  type: "Bill"
  Expenses:GeneralExpense:Mpf 8736.70 HKD
  qty: "1"
  description: "11月2024年MPF"
  referenceNo: "1181"
  orderId: "56f1728f-953f-4cf9-9ab5-0440ccafc401"
  type: "Bill Item"
  sourceId: "769aad91-fafb-4cfa-bbed-a7a37e034bfe"
  Liabilities:CurrentLiabilities:AccountPayable
  referenceNo: "1181"
  orderId: "56f1728f-953f-4cf9-9ab5-0440ccafc401"
  type: "Bill"
  sourceId: "56f1728f-953f-4cf9-9ab5-0440ccafc401"
  contact: "880 806 () [53b8789a-4451-4a1f-84f7-a9c5da7ada1a]"
2024-11-26 * "880 806 () [53b8789a-4451-4a1f-84f7-a9c5da7ada1a]" "Bill Payment for Bill #1181 #d25a944e-33ad-4088-b9e4-313ffc78370f"
  Liabilities:CurrentLiabilities:AccountPayable 8736.70 HKD
  contact: "880 806 () [53b8789a-4451-4a1f-84f7-a9c5da7ada1a]"
  type: "Bill Payment"
  sourceId: "d25a944e-33ad-4088-b9e4-313ffc78370f"
  referenceNo: "1181"
  orderId: "56f1728f-953f-4cf9-9ab5-0440ccafc401"
  Assets:CurrentAssets:Bank:BocCurrentBank -8736.70 HKD
  type: "Bill Payment"
  sourceId: "d25a944e-33ad-4088-b9e4-313ffc78370f"
  referenceNo: "1181"
  orderId: "56f1728f-953f-4cf9-9ab5-0440ccafc401"
2024-11-26 * "Invoice #570 LG2403/2404"
  Income:Sales:SalesItem:SellDiamond -2350.00 HKD
  category: "Jewelry"
  sku: "LG2404"
  qty: 1
  referenceNo: "570"
  orderId: "b3e20d77-47bd-4546-996c-93442cb9a1c3"
  type: "Invoice Item"
  sourceId: "f6e975dd-613f-492d-a2af-d43911543714"
  Income:Sales:SalesItem:SellDiamond -2350.00 HKD
  category: "Jewelry"
  sku: "LG2403"
  qty: 1
  referenceNo: "570"
  orderId: "b3e20d77-47bd-4546-996c-93442cb9a1c3"
  type: "Invoice Item"
  sourceId: "8d676db4-55bd-4233-931c-c4a02a15326d"
  Assets:CurrentAssets:AccountReceivable
  referenceNo: "570"
  orderId: "b3e20d77-47bd-4546-996c-93442cb9a1c3"
  type: "Invoice"
  sourceId: "b3e20d77-47bd-4546-996c-93442cb9a1c3"
  contact: "852 93032716 (JACKIE) [2c6ec785-bec4-40f7-b485-6d6e7ae28f28]"
2024-11-26 * "Bill #1155 BUY DIAMOND1.50CT"
  referenceNo: "1155"
  orderId: "b91836b4-af74-489c-b593-dccc7df7999b"
  type: "Bill"
  Expenses:CostOfSales:Purchase:PurchaseItem:BuyDiamond 420.00 USD
  category: "Jewelry"
  sku: "LG2404"
  qty: 1
  referenceNo: "1155"
  orderId: "b91836b4-af74-489c-b593-dccc7df7999b"
  type: "Bill Item"
  sourceId: "b22768ca-a1c3-4e39-a4cc-f445b448e2cd"
  Liabilities:CurrentLiabilities:AccountPayable
  referenceNo: "1155"
  orderId: "b91836b4-af74-489c-b593-dccc7df7999b"
  type: "Bill"
  sourceId: "b91836b4-af74-489c-b593-dccc7df7999b"
  contact: "852 56192424 (SnehaSolitaireLtd.) [5323b014-df2f-4f33-b384-1f4ae2c2b22a]"
2024-11-26 * "Bill #1154 BUY DIAMOND1.51CT"
  referenceNo: "1154"
  orderId: "6bb39464-658f-47af-9c52-4142f2156c7a"
  type: "Bill"
  Expenses:CostOfSales:Purchase:PurchaseItem:BuyDiamond 115.00 HKD
  category: "Jewelry"
  sku: "LG2403"
  qty: 1
  referenceNo: "1154"
  orderId: "6bb39464-658f-47af-9c52-4142f2156c7a"
  type: "Bill Item"
  sourceId: "dcd838fb-e11a-41ac-a236-b2b2c468aab6"
  Liabilities:CurrentLiabilities:AccountPayable
  referenceNo: "1154"
  orderId: "6bb39464-658f-47af-9c52-4142f2156c7a"
  type: "Bill"
  sourceId: "6bb39464-658f-47af-9c52-4142f2156c7a"
  contact: "852 56192424 (SnehaSolitaireLtd.) [5323b014-df2f-4f33-b384-1f4ae2c2b22a]"
2024-11-26 * "Bill #1153 ERIC~補貨/客訂"
  referenceNo: "1153"
  orderId: "17c37e24-7e22-4d40-b609-316377c66451"
  type: "Bill"
  Expenses:CostOfSales:Purchase:PurchaseItem:Buy18kJewelry 1850.00 CNY
  category: "Jewelry"
  sku: "DD2024112600000001"
  qty: 1
  referenceNo: "1153"
  orderId: "17c37e24-7e22-4d40-b609-316377c66451"
  type: "Bill Item"
  sourceId: "225fe3df-d145-407d-a1a2-371a65e1bd33"
  Liabilities:CurrentLiabilities:AccountPayable
  referenceNo: "1153"
  orderId: "17c37e24-7e22-4d40-b609-316377c66451"
  type: "Bill"
  sourceId: "17c37e24-7e22-4d40-b609-316377c66451"
  contact: "86 97978678 (ERIC) [cb2cbf18-d8c3-40eb-a388-d7234ea70615]"
2024-11-26 * "Bill #1152 ERIC~補貨/客訂"
  referenceNo: "1152"
  orderId: "851813d4-2c04-4cc2-af13-0a769ce7a4c4"
  type: "Bill"
  Expenses:CostOfSales:Purchase:PurchaseItem:Buy18kJewelry 1652.00 CNY
  category: "Jewelry"
  sku: "DD2024112600000002"
  qty: 1
  referenceNo: "1152"
  orderId: "851813d4-2c04-4cc2-af13-0a769ce7a4c4"
  type: "Bill Item"
  sourceId: "b072fe0d-6756-4304-88ec-dc88b521b93e"
  Expenses:CostOfSales:Purchase:PurchaseItem:Buy18kJewelry 2715.00 CNY
  category: "Jewelry"
  sku: "DD2024112600000003"
  qty: 1
  referenceNo: "1152"
  orderId: "851813d4-2c04-4cc2-af13-0a769ce7a4c4"
  type: "Bill Item"
  sourceId: "4ef2bfb6-cda8-458d-83ae-d71c06b06e66"
  Expenses:CostOfSales:Purchase:PurchaseItem:Buy18kJewelry 2715.00 CNY
  category: "Jewelry"
  sku: "DD2024112600000004"
  qty: 1
  referenceNo: "1152"
  orderId: "851813d4-2c04-4cc2-af13-0a769ce7a4c4"
  type: "Bill Item"
  sourceId: "9004c0ef-3310-4472-83a5-498ea7a47501"
  Expenses:CostOfSales:Purchase:PurchaseItem:Buy18kJewelry 2715.00 CNY
  category: "Jewelry"
  sku: "DD2024112600000005"
  qty: 1
  referenceNo: "1152"
  orderId: "851813d4-2c04-4cc2-af13-0a769ce7a4c4"
  type: "Bill Item"
  sourceId: "deb5093a-a847-4792-b264-07a485b86a20"
  Expenses:CostOfSales:Purchase:PurchaseItem:Buy18kJewelry 2715.00 CNY
  category: "Jewelry"
  sku: "DD2024112600000006"
  qty: 1
  referenceNo: "1152"
  orderId: "851813d4-2c04-4cc2-af13-0a769ce7a4c4"
  type: "Bill Item"
  sourceId: "f78d1ca5-d8a2-461f-ab99-1b7de978f13a"
  Expenses:CostOfSales:Purchase:PurchaseItem:Buy18kJewelry 2715.00 CNY
  category: "Jewelry"
  sku: "DD2024112600000007"
  qty: 1
  referenceNo: "1152"
  orderId: "851813d4-2c04-4cc2-af13-0a769ce7a4c4"
  type: "Bill Item"
  sourceId: "60f9dd73-31fa-402b-8e7b-034e80b00659"
  Expenses:CostOfSales:Purchase:PurchaseItem:Buy18kJewelry 2715.00 CNY
  category: "Jewelry"
  sku: "DD2024112600000008"
  qty: 1
  referenceNo: "1152"
  orderId: "851813d4-2c04-4cc2-af13-0a769ce7a4c4"
  type: "Bill Item"
  sourceId: "1e2707e0-9d6a-4fa0-937a-92f985ff53cb"
  Expenses:CostOfSales:Purchase:PurchaseItem:Buy18kJewelry 2715.00 CNY
  category: "Jewelry"
  sku: "DD2024112600000009"
  qty: 1
  referenceNo: "1152"
  orderId: "851813d4-2c04-4cc2-af13-0a769ce7a4c4"
  type: "Bill Item"
  sourceId: "5814908c-63d1-49c6-b459-c15737bb8909"
  Liabilities:CurrentLiabilities:AccountPayable
  referenceNo: "1152"
  orderId: "851813d4-2c04-4cc2-af13-0a769ce7a4c4"
  type: "Bill"
  sourceId: "851813d4-2c04-4cc2-af13-0a769ce7a4c4"
  contact: "86 97978678 (ERIC) [cb2cbf18-d8c3-40eb-a388-d7234ea70615]"
2024-11-26 * "Assets:CurrentAssets:Cash:CashInHand" "Invoice Payment for Invoice #570 #79fbcb4d-34ee-4f78-80de-20ca880f3456"
  Assets:CurrentAssets:Cash:CashInHand 4700.00 HKD
  type: "Invoice Payment"
  sourceId: "79fbcb4d-34ee-4f78-80de-20ca880f3456"
  referenceNo: "570"
  orderId: "b3e20d77-47bd-4546-996c-93442cb9a1c3"
  Assets:CurrentAssets:AccountReceivable -4700.00 HKD
  type: "Invoice Payment"
  sourceId: "79fbcb4d-34ee-4f78-80de-20ca880f3456"
  referenceNo: "570"
  orderId: "b3e20d77-47bd-4546-996c-93442cb9a1c3"
  contact: "852 93032716 (JACKIE) [2c6ec785-bec4-40f7-b485-6d6e7ae28f28]"
2024-11-26 * "852 56192424 (SnehaSolitaireLtd.) [5323b014-df2f-4f33-b384-1f4ae2c2b22a]" "Bill Payment for Bill #1154 #f2352d0f-c11d-4cdf-bcf8-b35019ee00ac"
  Liabilities:CurrentLiabilities:AccountPayable 115.00 HKD
  contact: "852 56192424 (SnehaSolitaireLtd.) [5323b014-df2f-4f33-b384-1f4ae2c2b22a]"
  type: "Bill Payment"
  sourceId: "f2352d0f-c11d-4cdf-bcf8-b35019ee00ac"
  referenceNo: "1154"
  orderId: "6bb39464-658f-47af-9c52-4142f2156c7a"
  Assets:CurrentAssets:Cash:CashInHand -115.00 HKD
  type: "Bill Payment"
  sourceId: "f2352d0f-c11d-4cdf-bcf8-b35019ee00ac"
  referenceNo: "1154"
  orderId: "6bb39464-658f-47af-9c52-4142f2156c7a"
2024-11-26 * "852 56192424 (SnehaSolitaireLtd.) [5323b014-df2f-4f33-b384-1f4ae2c2b22a]" "Bill Payment for Bill #1155 #c564c86f-38be-4f8d-a171-78e16ddfb7ba"
  Liabilities:CurrentLiabilities:AccountPayable 420.00 USD
  contact: "852 56192424 (SnehaSolitaireLtd.) [5323b014-df2f-4f33-b384-1f4ae2c2b22a]"
  type: "Bill Payment"
  sourceId: "c564c86f-38be-4f8d-a171-78e16ddfb7ba"
  referenceNo: "1155"
  orderId: "b91836b4-af74-489c-b593-dccc7df7999b"
  Assets:CurrentAssets:Cash:CashInHand -420.00 USD
  type: "Bill Payment"
  sourceId: "c564c86f-38be-4f8d-a171-78e16ddfb7ba"
  referenceNo: "1155"
  orderId: "b91836b4-af74-489c-b593-dccc7df7999b"
2024-11-26 * "Invoice #571 STAFF~ELMA"
  Income:Sales:SalesItem:SellGoldJewelry -600.00 HKD
  category: "Gold Jewelry"
  sku: "DD2310200000000000000110"
  qty: 1
  referenceNo: "571"
  orderId: "9edd798b-6a35-4666-bb8a-056cf0ae7686"
  type: "Invoice Item"
  sourceId: "568e6794-0e49-4a1b-8a87-f74353d5d736"
  Income:Sales:SalesItem:SellGoldJewelry -670.00 HKD
  category: "Gold Jewelry"
  sku: "DDFF2305120A000000000010"
  qty: 1
  referenceNo: "571"
  orderId: "9edd798b-6a35-4666-bb8a-056cf0ae7686"
  type: "Invoice Item"
  sourceId: "fe608966-a200-4f44-b410-3cb977008e75"
  Income:Sales:SalesItem:SellGoldJewelry -400.00 HKD
  category: "Gold Jewelry"
  sku: "DD2310200000000000000107"
  qty: 1
  referenceNo: "571"
  orderId: "9edd798b-6a35-4666-bb8a-056cf0ae7686"
  type: "Invoice Item"
  sourceId: "2a8f1a74-6604-4cfc-87b1-ce8e94d9270c"
  Income:Sales:SalesItem:SellGoldJewelry -400.00 HKD
  category: "Gold Jewelry"
  sku: "DDFF2305120A000000000056"
  qty: 1
  referenceNo: "571"
  orderId: "9edd798b-6a35-4666-bb8a-056cf0ae7686"
  type: "Invoice Item"
  sourceId: "4cb2531e-942b-47a5-8374-9a39505629fb"
  Assets:CurrentAssets:AccountReceivable
  referenceNo: "571"
  orderId: "9edd798b-6a35-4666-bb8a-056cf0ae7686"
  type: "Invoice"
  sourceId: "9edd798b-6a35-4666-bb8a-056cf0ae7686"
  contact: "852 52858388 (ElmaMa) [ef9273ef-4cec-43d5-bcd0-9f2b494c2962]"
2024-11-26 * "Assets:CurrentAssets:Cash:CashInHand" "Invoice Payment for Invoice #571 #2d7f2611-adf0-4805-8326-deb912188387"
  Assets:CurrentAssets:Cash:CashInHand 2070.00 HKD
  type: "Invoice Payment"
  sourceId: "2d7f2611-adf0-4805-8326-deb912188387"
  referenceNo: "571"
  orderId: "9edd798b-6a35-4666-bb8a-056cf0ae7686"
  Assets:CurrentAssets:AccountReceivable -2070.00 HKD
  type: "Invoice Payment"
  sourceId: "2d7f2611-adf0-4805-8326-deb912188387"
  referenceNo: "571"
  orderId: "9edd798b-6a35-4666-bb8a-056cf0ae7686"
  contact: "852 52858388 (ElmaMa) [ef9273ef-4cec-43d5-bcd0-9f2b494c2962]"
2024-11-27 * "Bill #1169 AE Credit Card payment (24年11月)"
  referenceNo: "1169"
  orderId: "ab04c591-4e18-4570-bdaf-23a304495d83"
  type: "Bill"
  Expenses:GeneralExpense:OfficeExpenses 8849.86 HKD
  qty: "1"
  description: "AE Credit Card payment (24年11月)"
  referenceNo: "1169"
  orderId: "ab04c591-4e18-4570-bdaf-23a304495d83"
  type: "Bill Item"
  sourceId: "652f6de5-e00f-4db8-895b-1fd7a190a357"
  Liabilities:CurrentLiabilities:AccountPayable
  referenceNo: "1169"
  orderId: "ab04c591-4e18-4570-bdaf-23a304495d83"
  type: "Bill"
  sourceId: "ab04c591-4e18-4570-bdaf-23a304495d83"
  contact: "880 806 () [53b8789a-4451-4a1f-84f7-a9c5da7ada1a]"
2024-11-27 * "880 806 () [53b8789a-4451-4a1f-84f7-a9c5da7ada1a]" "Bill Payment for Bill #1169 #f90c7427-5f39-4386-8581-4e5932d7a6ec"
  Liabilities:CurrentLiabilities:AccountPayable 8849.86 HKD
  contact: "880 806 () [53b8789a-4451-4a1f-84f7-a9c5da7ada1a]"
  type: "Bill Payment"
  sourceId: "f90c7427-5f39-4386-8581-4e5932d7a6ec"
  referenceNo: "1169"
  orderId: "ab04c591-4e18-4570-bdaf-23a304495d83"
  Assets:CurrentAssets:Bank:BocSavingBank -8849.86 HKD
  type: "Bill Payment"
  sourceId: "f90c7427-5f39-4386-8581-4e5932d7a6ec"
  referenceNo: "1169"
  orderId: "ab04c591-4e18-4570-bdaf-23a304495d83"
2024-11-28 * "Invoice #572 Gold Coin"
  Income:Sales:SalesItem:SellGoldJewelry -24500.00 HKD
  category: "Gold Jewelry"
  sku: "DD2024112800000001"
  qty: 1
  referenceNo: "572"
  orderId: "edc49f90-1000-45a4-a109-a0fc6e28854d"
  type: "Invoice Item"
  sourceId: "897d63ac-9046-4366-8d81-a1b5f1423e03"
  Assets:CurrentAssets:AccountReceivable
  referenceNo: "572"
  orderId: "edc49f90-1000-45a4-a109-a0fc6e28854d"
  type: "Invoice"
  sourceId: "edc49f90-1000-45a4-a109-a0fc6e28854d"
  contact: "852 90420329 (Lakshmi) [40c8f1ac-3bec-4b00-8462-b79c087142e4]"
2024-11-28 * "Bill #1426 417 to G17 1兩金*2"
  referenceNo: "1426"
  orderId: "aa42efbb-5eec-4d49-9a21-201911f3a84a"
  type: "Bill"
  Expenses:CostOfSales:Purchase:PurchaseItem:BuyGoldJewelry 24328.00 HKD
  category: "Gold Jewelry"
  sku: "DD2024112800000002"
  qty: 1
  referenceNo: "1426"
  orderId: "aa42efbb-5eec-4d49-9a21-201911f3a84a"
  type: "Bill Item"
  sourceId: "156c0342-f7b6-4238-9f16-cbd928734e61"
  Expenses:CostOfSales:Purchase:PurchaseItem:BuyGoldJewelry 24329.00 HKD
  category: "Gold Jewelry"
  sku: "DD2024112800000001"
  qty: 1
  referenceNo: "1426"
  orderId: "aa42efbb-5eec-4d49-9a21-201911f3a84a"
  type: "Bill Item"
  sourceId: "8b2bca7f-65c0-4b9b-ab0e-d65a2e5b351a"
  Liabilities:CurrentLiabilities:AccountPayable
  referenceNo: "1426"
  orderId: "aa42efbb-5eec-4d49-9a21-201911f3a84a"
  type: "Bill"
  sourceId: "aa42efbb-5eec-4d49-9a21-201911f3a84a"
  contact: "852 62244422 (MilwaysGoldLtd萬寶黄金有限公司) [2dcfeea3-ab5e-40a3-a0af-00101f3873fa]"
2024-11-28 * "852 62244422 (MilwaysGoldLtd萬寶黄金有限公司) [2dcfeea3-ab5e-40a3-a0af-00101f3873fa]" "Bill Payment for Bill #1426 #96b66acb-acde-432e-aea1-565307787e05"
  Liabilities:CurrentLiabilities:AccountPayable 48657.00 HKD
  contact: "852 62244422 (MilwaysGoldLtd萬寶黄金有限公司) [2dcfeea3-ab5e-40a3-a0af-00101f3873fa]"
  type: "Bill Payment"
  sourceId: "96b66acb-acde-432e-aea1-565307787e05"
  referenceNo: "1426"
  orderId: "aa42efbb-5eec-4d49-9a21-201911f3a84a"
  Liabilities:CurrentLiabilities:CurrentAccount:C-a-MilwaysGoldLimited -48657.00 HKD
  type: "Bill Payment"
  sourceId: "96b66acb-acde-432e-aea1-565307787e05"
  referenceNo: "1426"
  orderId: "aa42efbb-5eec-4d49-9a21-201911f3a84a"
2024-11-28 * "Assets:CurrentAssets:Cash:CashInHand" "Invoice Payment for Invoice #572 #9884ef08-b642-4d2a-93b9-f5a0734e8fe2"
  Assets:CurrentAssets:Cash:CashInHand 24500.00 HKD
  type: "Invoice Payment"
  sourceId: "9884ef08-b642-4d2a-93b9-f5a0734e8fe2"
  referenceNo: "572"
  orderId: "edc49f90-1000-45a4-a109-a0fc6e28854d"
  Assets:CurrentAssets:AccountReceivable -24500.00 HKD
  type: "Invoice Payment"
  sourceId: "9884ef08-b642-4d2a-93b9-f5a0734e8fe2"
  referenceNo: "572"
  orderId: "edc49f90-1000-45a4-a109-a0fc6e28854d"
  contact: "852 90420329 (Lakshmi) [40c8f1ac-3bec-4b00-8462-b79c087142e4]"
2024-11-29 * "Bill #1172 SALARY 24年11月"
  referenceNo: "1172"
  orderId: "b2e3dcf9-4c6a-4b4a-bb6f-63501b6b6095"
  type: "Bill"
  Expenses:GeneralExpense:WagesAndSalaries 71250.00 HKD
  qty: "1"
  description: "SALARY 24年11月"
  referenceNo: "1172"
  orderId: "b2e3dcf9-4c6a-4b4a-bb6f-63501b6b6095"
  type: "Bill Item"
  sourceId: "b3b4cf2a-87ee-4d21-ba61-d9d1378cea46"
  Expenses:GeneralExpense:BankFeesExpense 2.10 HKD
  qty: "1"
  description: "BANK FEE "
  referenceNo: "1172"
  orderId: "b2e3dcf9-4c6a-4b4a-bb6f-63501b6b6095"
  type: "Bill Item"
  sourceId: "5ee987ff-10e8-420c-9e9c-109ce6f057f6"
  Liabilities:CurrentLiabilities:AccountPayable
  referenceNo: "1172"
  orderId: "b2e3dcf9-4c6a-4b4a-bb6f-63501b6b6095"
  type: "Bill"
  sourceId: "b2e3dcf9-4c6a-4b4a-bb6f-63501b6b6095"
  contact: "880 806 () [53b8789a-4451-4a1f-84f7-a9c5da7ada1a]"
2024-11-29 * "Bill #1204 G17上網(2024-11月)"
  referenceNo: "1204"
  orderId: "b0b2e0e9-8ab3-45c6-917e-ed2ff5005067"
  type: "Bill"
  Expenses:GeneralExpense:TelephoneAndInternetAndAlarm 338.00 HKD
  qty: "1"
  description: "G17上網(2024-11月)"
  referenceNo: "1204"
  orderId: "b0b2e0e9-8ab3-45c6-917e-ed2ff5005067"
  type: "Bill Item"
  sourceId: "44a05b65-7670-4e16-8c04-b4b3078ae09a"
  Liabilities:CurrentLiabilities:AccountPayable
  referenceNo: "1204"
  orderId: "b0b2e0e9-8ab3-45c6-917e-ed2ff5005067"
  type: "Bill"
  sourceId: "b0b2e0e9-8ab3-45c6-917e-ed2ff5005067"
  contact: "880 806 () [53b8789a-4451-4a1f-84f7-a9c5da7ada1a]"
2024-11-29 * "880 806 () [53b8789a-4451-4a1f-84f7-a9c5da7ada1a]" "Bill Payment for Bill #1204 #a0be0e5e-e0e2-40ef-a40c-7a9665f67a4c"
  Liabilities:CurrentLiabilities:AccountPayable 338.00 HKD
  contact: "880 806 () [53b8789a-4451-4a1f-84f7-a9c5da7ada1a]"
  type: "Bill Payment"
  sourceId: "a0be0e5e-e0e2-40ef-a40c-7a9665f67a4c"
  referenceNo: "1204"
  orderId: "b0b2e0e9-8ab3-45c6-917e-ed2ff5005067"
  Liabilities:CurrentLiabilities:CurrentAccount:C-a-MilrichElectronicsHkCoLtd -338.00 HKD
  type: "Bill Payment"
  sourceId: "a0be0e5e-e0e2-40ef-a40c-7a9665f67a4c"
  referenceNo: "1204"
  orderId: "b0b2e0e9-8ab3-45c6-917e-ed2ff5005067"
2024-11-29 * "880 806 () [53b8789a-4451-4a1f-84f7-a9c5da7ada1a]" "Bill Payment for Bill #1172 #9eca1c89-c54a-4345-a559-1e4f3f663cb9"
  Liabilities:CurrentLiabilities:AccountPayable 2.10 HKD
  contact: "880 806 () [53b8789a-4451-4a1f-84f7-a9c5da7ada1a]"
  type: "Bill Payment"
  sourceId: "9eca1c89-c54a-4345-a559-1e4f3f663cb9"
  referenceNo: "1172"
  orderId: "b2e3dcf9-4c6a-4b4a-bb6f-63501b6b6095"
  Assets:CurrentAssets:Bank:BocSavingBank -2.10 HKD
  type: "Bill Payment"
  sourceId: "9eca1c89-c54a-4345-a559-1e4f3f663cb9"
  referenceNo: "1172"
  orderId: "b2e3dcf9-4c6a-4b4a-bb6f-63501b6b6095"
2024-11-29 * "880 806 () [53b8789a-4451-4a1f-84f7-a9c5da7ada1a]" "Bill Payment for Bill #1172 #23abe8f4-3a63-4a09-9f08-d0273450e58c"
  Liabilities:CurrentLiabilities:AccountPayable 71250.00 HKD
  contact: "880 806 () [53b8789a-4451-4a1f-84f7-a9c5da7ada1a]"
  type: "Bill Payment"
  sourceId: "23abe8f4-3a63-4a09-9f08-d0273450e58c"
  referenceNo: "1172"
  orderId: "b2e3dcf9-4c6a-4b4a-bb6f-63501b6b6095"
  Assets:CurrentAssets:Bank:BocSavingBank -71250.00 HKD
  type: "Bill Payment"
  sourceId: "23abe8f4-3a63-4a09-9f08-d0273450e58c"
  referenceNo: "1172"
  orderId: "b2e3dcf9-4c6a-4b4a-bb6f-63501b6b6095"
2024-11-29 * "Bill #1156 ERIC~補貨/客訂"
  referenceNo: "1156"
  orderId: "3e79aa57-5165-446f-ba55-960c8a267a14"
  type: "Bill"
  Expenses:CostOfSales:Purchase:PurchaseItem:Buy18kJewelry 1845.00 CNY
  category: "Jewelry"
  sku: "DD2024112900000001"
  qty: 1
  referenceNo: "1156"
  orderId: "3e79aa57-5165-446f-ba55-960c8a267a14"
  type: "Bill Item"
  sourceId: "06eee185-5cf1-4c41-b21c-92bd8f249fa6"
  Liabilities:CurrentLiabilities:AccountPayable
  referenceNo: "1156"
  orderId: "3e79aa57-5165-446f-ba55-960c8a267a14"
  type: "Bill"
  sourceId: "3e79aa57-5165-446f-ba55-960c8a267a14"
  contact: "86 97978678 (ERIC) [cb2cbf18-d8c3-40eb-a388-d7234ea70615]"
2024-11-29 * "Invoice #573 S0002 / DIA2402 / N24142 "
  Income:Sales:SalesItem:Sell18kJewelry -3000.00 HKD
  category: "Jewelry"
  sku: "DD2024110100000001"
  qty: 1
  referenceNo: "573"
  orderId: "084a3169-ba78-4561-a3f7-1de090491f64"
  type: "Invoice Item"
  sourceId: "45bd8b71-1378-4387-9187-c18b570eb156"
  Income:Sales:SalesItem:Sell18kJewelry -2800.00 HKD
  category: "Ring Setting"
  sku: "DDFFFFFF0B00000000000002"
  qty: 1
  referenceNo: "573"
  orderId: "084a3169-ba78-4561-a3f7-1de090491f64"
  type: "Invoice Item"
  sourceId: "b87dbf89-a807-41cc-8da8-cfc5b9a08d3d"
  Income:Sales:SalesItem:SellDiamond -8000.00 HKD
  category: "Natural Diamond"
  sku: "DIA2402"
  qty: 1
  referenceNo: "573"
  orderId: "084a3169-ba78-4561-a3f7-1de090491f64"
  type: "Invoice Item"
  sourceId: "38bde3d9-8ba4-4013-a954-2178098b3c92"
  Assets:CurrentAssets:AccountReceivable
  referenceNo: "573"
  orderId: "084a3169-ba78-4561-a3f7-1de090491f64"
  type: "Invoice"
  sourceId: "084a3169-ba78-4561-a3f7-1de090491f64"
  contact: "852 98688818 (jackychan) [bc00ba1e-6025-4211-bc55-3651dd739a79]"
2024-11-29 * "Assets:CurrentAssets:Bank:KpayBank" "Invoice Payment for Invoice #573 #ddeabb6d-35d4-48fb-a85c-648bc41e18c4"
  Assets:CurrentAssets:Bank:KpayBank 13800.00 HKD
  type: "Invoice Payment"
  sourceId: "ddeabb6d-35d4-48fb-a85c-648bc41e18c4"
  referenceNo: "573"
  orderId: "084a3169-ba78-4561-a3f7-1de090491f64"
  Assets:CurrentAssets:AccountReceivable -13800.00 HKD
  type: "Invoice Payment"
  sourceId: "ddeabb6d-35d4-48fb-a85c-648bc41e18c4"
  referenceNo: "573"
  orderId: "084a3169-ba78-4561-a3f7-1de090491f64"
  contact: "852 98688818 (jackychan) [bc00ba1e-6025-4211-bc55-3651dd739a79]"
2024-11-30 * "Invoice #583 INTEREST"
  Income:OtherIncome:Interest-bank -194.19 HKD
  description: "INTEREST"
  qty: 1
  referenceNo: "583"
  orderId: "3163a537-de02-4327-ac09-51e81ea4de31"
  type: "Invoice Item"
  sourceId: "c19b7694-03b2-4666-94fe-28dac7516642"
  Assets:CurrentAssets:AccountReceivable
  referenceNo: "583"
  orderId: "3163a537-de02-4327-ac09-51e81ea4de31"
  type: "Invoice"
  sourceId: "3163a537-de02-4327-ac09-51e81ea4de31"
  contact: "880 806 () [53b8789a-4451-4a1f-84f7-a9c5da7ada1a]"
2024-11-30 * "Invoice #598 Income of Hedging (金) 2024-11"
  Income:OtherIncome:IncomeOfHedging金 -82137.72 USDT
  description: "Closed Trade P/L 11-01至11-30"
  qty: 1
  referenceNo: "598"
  orderId: "2ad9a8e6-9d03-432b-8d9b-2d31a057139c"
  type: "Invoice Item"
  sourceId: "8e24676e-f54a-4ec3-9e7e-0aa2c149ee63"
  Assets:CurrentAssets:AccountReceivable
  referenceNo: "598"
  orderId: "2ad9a8e6-9d03-432b-8d9b-2d31a057139c"
  type: "Invoice"
  sourceId: "2ad9a8e6-9d03-432b-8d9b-2d31a057139c"
  contact: "852 666666 (icmarket) [666112b8-2856-4ed8-8370-eb4b911be7b5]"
2024-11-30 * "Invoice #597 Rebate From ICmarket 2024-11"
  Income:OtherIncome:RebateFromLp -674.90 USDT
  description: "Manual (Back office) 11-01至11-30"
  qty: 1
  referenceNo: "597"
  orderId: "f12deba3-30a4-4e1e-a552-680c39e77e7b"
  type: "Invoice Item"
  sourceId: "f169ce48-d8db-4454-bdd0-9b0827ee14a3"
  Assets:CurrentAssets:AccountReceivable
  referenceNo: "597"
  orderId: "f12deba3-30a4-4e1e-a552-680c39e77e7b"
  type: "Invoice"
  sourceId: "f12deba3-30a4-4e1e-a552-680c39e77e7b"
  contact: "852 666666 (icmarket) [666112b8-2856-4ed8-8370-eb4b911be7b5]"
2024-11-30 * "Bill #1225 Assist MW in hedging used Icmarket acc 2024-11"
  referenceNo: "1225"
  orderId: "837303d5-aa20-4ab5-9d01-be28c7a10f2b"
  type: "Bill"
  Income:OtherIncome:AssistHedging金 82137.72 USDT
  qty: "1"
  description: "assist MW in hedging used Icmarket acc 2024.1101-1130"
  referenceNo: "1225"
  orderId: "837303d5-aa20-4ab5-9d01-be28c7a10f2b"
  type: "Bill Item"
  sourceId: "7413a414-0c18-4d21-98e4-f4e6cfd8c780"
  Liabilities:CurrentLiabilities:AccountPayable
  referenceNo: "1225"
  orderId: "837303d5-aa20-4ab5-9d01-be28c7a10f2b"
  type: "Bill"
  sourceId: "837303d5-aa20-4ab5-9d01-be28c7a10f2b"
  contact: "852 62244422 (MilwaysGoldLtd萬寶黄金有限公司) [2dcfeea3-ab5e-40a3-a0af-00101f3873fa]"
2024-11-30 * "Bill #1211 Kpay 11/24 手續費"
  referenceNo: "1211"
  orderId: "59ecc37e-a4ff-46bc-bcfe-246b510c3814"
  type: "Bill"
  Expenses:GeneralExpense:CardFeeExpense 88.00 HKD
  qty: "1"
  description: "kpay178 5800-5,712.00=88"
  referenceNo: "1211"
  orderId: "59ecc37e-a4ff-46bc-bcfe-246b510c3814"
  type: "Bill Item"
  sourceId: "7db3595d-f14e-4fde-89da-4c3ab4191aaf"
  Expenses:GeneralExpense:CardFeeExpense 67.41 HKD
  qty: "1"
  description: " kpay179 5382-5,314.59=67.41"
  referenceNo: "1211"
  orderId: "59ecc37e-a4ff-46bc-bcfe-246b510c3814"
  type: "Bill Item"
  sourceId: "3a0b1a1a-d8f4-46e0-9617-42ffdd52cb0d"
  Expenses:GeneralExpense:CardFeeExpense 4.98 HKD
  qty: "1"
  description: "kpay180 265-260.02=4.98"
  referenceNo: "1211"
  orderId: "59ecc37e-a4ff-46bc-bcfe-246b510c3814"
  type: "Bill Item"
  sourceId: "ca83ba9e-5047-4daf-84b3-69231ea83216"
  Expenses:GeneralExpense:CardFeeExpense 1070.46 HKD
  qty: "1"
  description: " kpay181 73572-72,501.54=1070.46"
  referenceNo: "1211"
  orderId: "59ecc37e-a4ff-46bc-bcfe-246b510c3814"
  type: "Bill Item"
  sourceId: "e68ed75e-b947-49af-9c66-f9a159646c09"
  Expenses:GeneralExpense:CardFeeExpense 13.00 HKD
  qty: "1"
  description: "kpay182 800-787.00=13"
  referenceNo: "1211"
  orderId: "59ecc37e-a4ff-46bc-bcfe-246b510c3814"
  type: "Bill Item"
  sourceId: "5f060e4e-d5be-4020-99ae-cd9623713e32"
  Expenses:GeneralExpense:CardFeeExpense 38.50 HKD
  qty: "1"
  description: " kpay187 2500-2,461.50=38.5"
  referenceNo: "1211"
  orderId: "59ecc37e-a4ff-46bc-bcfe-246b510c3814"
  type: "Bill Item"
  sourceId: "398a797e-4b69-4345-aed9-512a6b0d24ab"
  Expenses:GeneralExpense:CardFeeExpense 91.00 HKD
  qty: "1"
  description: " kpay177 6000- 5,909.00=91 (10月手續費)"
  referenceNo: "1211"
  orderId: "59ecc37e-a4ff-46bc-bcfe-246b510c3814"
  type: "Bill Item"
  sourceId: "e77235d5-a13e-4093-8a80-b7ca2ed281a8"
  Expenses:GeneralExpense:CardFeeExpense 505.00 HKD
  qty: "1"
  description: "kpay183 11200-10,695.00=505"
  referenceNo: "1211"
  orderId: "59ecc37e-a4ff-46bc-bcfe-246b510c3814"
  type: "Bill Item"
  sourceId: "6ae78079-2c80-4535-ae35-7fcb84134bee"
  Expenses:GeneralExpense:CardFeeExpense 1.16 HKD
  qty: "1"
  description: " kpay184 10-8.84=1.16"
  referenceNo: "1211"
  orderId: "59ecc37e-a4ff-46bc-bcfe-246b510c3814"
  type: "Bill Item"
  sourceId: "2c61a5e3-be35-4279-bda7-353f1ed063fc"
  Expenses:GeneralExpense:CardFeeExpense 38.50 HKD
  qty: "1"
  description: " kpay185 2500-2,461.5=38.5"
  referenceNo: "1211"
  orderId: "59ecc37e-a4ff-46bc-bcfe-246b510c3814"
  type: "Bill Item"
  sourceId: "6cc160fe-1749-42b9-bfd5-b7868189dc40"
  Expenses:GeneralExpense:CardFeeExpense 51.25 HKD
  qty: "1"
  description: "kpay186 3350-3,298.75=51.25"
  referenceNo: "1211"
  orderId: "59ecc37e-a4ff-46bc-bcfe-246b510c3814"
  type: "Bill Item"
  sourceId: "0fd175d9-7bd8-4fcf-b2da-f8ab654c6e36"
  Liabilities:CurrentLiabilities:AccountPayable
  referenceNo: "1211"
  orderId: "59ecc37e-a4ff-46bc-bcfe-246b510c3814"
  type: "Bill"
  sourceId: "59ecc37e-a4ff-46bc-bcfe-246b510c3814"
  contact: "998 12345821 (KPAY) [5a706f32-7edc-48d8-ae47-62fee1e8bba1]"
2024-11-30 * "Assets:CurrentAssets:E-tradingPlatform:Mt511193568金" "Invoice Payment for Invoice #597 #b32587df-9ed2-46a3-a7e9-675286012a30"
  Assets:CurrentAssets:E-tradingPlatform:Mt511193568金 674.90 USDT
  type: "Invoice Payment"
  sourceId: "b32587df-9ed2-46a3-a7e9-675286012a30"
  referenceNo: "597"
  orderId: "f12deba3-30a4-4e1e-a552-680c39e77e7b"
  Assets:CurrentAssets:AccountReceivable -674.90 USDT
  type: "Invoice Payment"
  sourceId: "b32587df-9ed2-46a3-a7e9-675286012a30"
  referenceNo: "597"
  orderId: "f12deba3-30a4-4e1e-a552-680c39e77e7b"
  contact: "852 666666 (icmarket) [666112b8-2856-4ed8-8370-eb4b911be7b5]"
2024-11-30 * "Assets:CurrentAssets:Bank:BocSavingBank" "Invoice Payment for Invoice #583 #6266fa3c-c6df-4a95-88f5-d5a922cb54ef"
  Assets:CurrentAssets:Bank:BocSavingBank 194.19 HKD
  type: "Invoice Payment"
  sourceId: "6266fa3c-c6df-4a95-88f5-d5a922cb54ef"
  referenceNo: "583"
  orderId: "3163a537-de02-4327-ac09-51e81ea4de31"
  Assets:CurrentAssets:AccountReceivable -194.19 HKD
  type: "Invoice Payment"
  sourceId: "6266fa3c-c6df-4a95-88f5-d5a922cb54ef"
  referenceNo: "583"
  orderId: "3163a537-de02-4327-ac09-51e81ea4de31"
  contact: "880 806 () [53b8789a-4451-4a1f-84f7-a9c5da7ada1a]"
2024-11-30 * "Assets:CurrentAssets:E-tradingPlatform:Mt511193568金" "Invoice Payment for Invoice #598 #5475ae4b-25dd-4b81-8751-43dd822d61f2"
  Assets:CurrentAssets:E-tradingPlatform:Mt511193568金 82137.72 USDT
  type: "Invoice Payment"
  sourceId: "5475ae4b-25dd-4b81-8751-43dd822d61f2"
  referenceNo: "598"
  orderId: "2ad9a8e6-9d03-432b-8d9b-2d31a057139c"
  Assets:CurrentAssets:AccountReceivable -82137.72 USDT
  type: "Invoice Payment"
  sourceId: "5475ae4b-25dd-4b81-8751-43dd822d61f2"
  referenceNo: "598"
  orderId: "2ad9a8e6-9d03-432b-8d9b-2d31a057139c"
  contact: "852 666666 (icmarket) [666112b8-2856-4ed8-8370-eb4b911be7b5]"
2024-11-30 * "998 12345821 (KPAY) [5a706f32-7edc-48d8-ae47-62fee1e8bba1]" "Bill Payment for Bill #1211 #bb8278a6-3d8c-42b1-83b8-a1c7c02196d0"
  Liabilities:CurrentLiabilities:AccountPayable 1969.26 HKD
  contact: "998 12345821 (KPAY) [5a706f32-7edc-48d8-ae47-62fee1e8bba1]"
  type: "Bill Payment"
  sourceId: "bb8278a6-3d8c-42b1-83b8-a1c7c02196d0"
  referenceNo: "1211"
  orderId: "59ecc37e-a4ff-46bc-bcfe-246b510c3814"
  Assets:CurrentAssets:Bank:KpayBank -1969.26 HKD
  type: "Bill Payment"
  sourceId: "bb8278a6-3d8c-42b1-83b8-a1c7c02196d0"
  referenceNo: "1211"
  orderId: "59ecc37e-a4ff-46bc-bcfe-246b510c3814"
2024-11-30 * "852 62244422 (MilwaysGoldLtd萬寶黄金有限公司) [2dcfeea3-ab5e-40a3-a0af-00101f3873fa]" "Bill Payment for Bill #1225 #5658b648-56fc-4a3c-8169-bcd95863d0bc"
  Liabilities:CurrentLiabilities:AccountPayable 82137.72 USDT
  contact: "852 62244422 (MilwaysGoldLtd萬寶黄金有限公司) [2dcfeea3-ab5e-40a3-a0af-00101f3873fa]"
  type: "Bill Payment"
  sourceId: "5658b648-56fc-4a3c-8169-bcd95863d0bc"
  referenceNo: "1225"
  orderId: "837303d5-aa20-4ab5-9d01-be28c7a10f2b"
  Assets:CurrentAssets:Wallet:DkkCWallet金料 -82137.72 USDT
  type: "Bill Payment"
  sourceId: "5658b648-56fc-4a3c-8169-bcd95863d0bc"
  referenceNo: "1225"
  orderId: "837303d5-aa20-4ab5-9d01-be28c7a10f2b"