; ORDER transactions for 2024-09

2024-09-01 * "Invoice #487 Stock Gold Jewellery"
  Income:Sales:SalesItem:SellGoldJewelry -880 HKD
  category: "Gold Jewelry"
  sku: "DD2310200000000000000066"
  qty: 1
  referenceNo: "487"
  orderId: "44227775-6cb6-4768-b58b-6caad80ed8f6"
  type: "Invoice Item"
  sourceId: "49a6668e-9897-4a19-9b8c-dad694005b06"
  Assets:CurrentAssets:AccountReceivable
  referenceNo: "487"
  orderId: "44227775-6cb6-4768-b58b-6caad80ed8f6"
  type: "Invoice"
  sourceId: "44227775-6cb6-4768-b58b-6caad80ed8f6"
  contact: "880 802 (Walk in) [42348712-7daa-4c29-93b7-756b472429a4]"
2024-09-01 * "Assets:CurrentAssets:Bank:KpayBank" "Invoice Payment for Invoice #487 #db669fcb-b0e4-4620-afbc-c4d9e5d0e111"
  Assets:CurrentAssets:Bank:KpayBank 880 HKD
  type: "Invoice Payment"
  sourceId: "db669fcb-b0e4-4620-afbc-c4d9e5d0e111"
  referenceNo: "487"
  orderId: "44227775-6cb6-4768-b58b-6caad80ed8f6"
  Assets:CurrentAssets:AccountReceivable -880 HKD
  type: "Invoice Payment"
  sourceId: "db669fcb-b0e4-4620-afbc-c4d9e5d0e111"
  referenceNo: "487"
  orderId: "44227775-6cb6-4768-b58b-6caad80ed8f6"
  contact: "880 802 (Walk in) [42348712-7daa-4c29-93b7-756b472429a4]"
2024-09-01 * "Invoice #488 Stock Gold Jewellery 3.25g"
  Income:Sales:SalesItem:SellGoldJewelry -2100 HKD
  category: "Gold Jewelry"
  sku: "DD2310200000000000000018"
  qty: 1
  referenceNo: "488"
  orderId: "2c3be49a-1c2e-44e9-ac85-ec206d8d05e1"
  type: "Invoice Item"
  sourceId: "fe718aca-d246-4ff7-a69e-abb5ed0e20fa"
  Assets:CurrentAssets:AccountReceivable
  referenceNo: "488"
  orderId: "2c3be49a-1c2e-44e9-ac85-ec206d8d05e1"
  type: "Invoice"
  sourceId: "2c3be49a-1c2e-44e9-ac85-ec206d8d05e1"
  contact: "880 802 (Walk in) [42348712-7daa-4c29-93b7-756b472429a4]"
2024-09-01 * "Assets:CurrentAssets:Bank:KpayBank" "Invoice Payment for Invoice #488 #221181bc-4350-47f0-92f9-0acf3aac0971"
  Assets:CurrentAssets:Bank:KpayBank 2100 HKD
  type: "Invoice Payment"
  sourceId: "221181bc-4350-47f0-92f9-0acf3aac0971"
  referenceNo: "488"
  orderId: "2c3be49a-1c2e-44e9-ac85-ec206d8d05e1"
  Assets:CurrentAssets:AccountReceivable -2100 HKD
  type: "Invoice Payment"
  sourceId: "221181bc-4350-47f0-92f9-0acf3aac0971"
  referenceNo: "488"
  orderId: "2c3be49a-1c2e-44e9-ac85-ec206d8d05e1"
  contact: "880 802 (Walk in) [42348712-7daa-4c29-93b7-756b472429a4]"
2024-09-02 * "Bill #1095 G17上網(2024-8月)"
  referenceNo: "1095"
  orderId: "2156f79e-e76e-45b7-b4e6-6b606ed88e81"
  type: "Bill"
  Expenses:TelephoneAndInternetAndAlarm 338 HKD
  qty: "1"
  description: "G17上網(2024-8月)"
  referenceNo: "1095"
  orderId: "2156f79e-e76e-45b7-b4e6-6b606ed88e81"
  type: "Bill Item"
  sourceId: "0a4f2869-b4cf-4684-ae3e-91e459f90886"
  Liabilities:CurrentLiabilities:AccountPayable
  referenceNo: "1095"
  orderId: "2156f79e-e76e-45b7-b4e6-6b606ed88e81"
  type: "Bill"
  sourceId: "2156f79e-e76e-45b7-b4e6-6b606ed88e81"
  contact: "880 806 () [53b8789a-4451-4a1f-84f7-a9c5da7ada1a]"
2024-09-02 * "880 806 () [53b8789a-4451-4a1f-84f7-a9c5da7ada1a]" "Bill Payment for Bill #1095 #e279ca11-4667-4680-82cb-5a87f4eee20f"
  contact: "880 806 () [53b8789a-4451-4a1f-84f7-a9c5da7ada1a]"
  Liabilities:CurrentLiabilities:AccountPayable 338 HKD
  type: "Bill Payment"
  sourceId: "e279ca11-4667-4680-82cb-5a87f4eee20f"
  referenceNo: "1095"
  orderId: "2156f79e-e76e-45b7-b4e6-6b606ed88e81"
  Liabilities:CurrentLiabilities:CurrentAccount:C-a-MilrichElectronicsHkCoLtd -338 HKD
  type: "Bill Payment"
  sourceId: "e279ca11-4667-4680-82cb-5a87f4eee20f"
  referenceNo: "1095"
  orderId: "2156f79e-e76e-45b7-b4e6-6b606ed88e81"
2024-09-02 * "852 31651680 (BEAUTY GEMS LTD.) [4a09f8d7-5aae-4d59-99d2-be869e64dda3]" "Bill Payment for Bill #1100 #91521b84-4fae-455b-9132-01c17967876a"
  contact: "852 31651680 (BEAUTY GEMS LTD.) [4a09f8d7-5aae-4d59-99d2-be869e64dda3]"
  Liabilities:CurrentLiabilities:AccountPayable 4779 USD
  type: "Bill Payment"
  sourceId: "91521b84-4fae-455b-9132-01c17967876a"
  referenceNo: "1100"
  orderId: "19e609b4-9615-42a5-b498-93fd577da213"
  Liabilities:CurrentLiabilities:CurrentAccount:C-a-MilrichElectronicsHkCoLtd -4779 USD
  type: "Bill Payment"
  sourceId: "91521b84-4fae-455b-9132-01c17967876a"
  referenceNo: "1100"
  orderId: "19e609b4-9615-42a5-b498-93fd577da213"
2024-09-02 * "Invoice #489 R24137 WG #19"
  Income:Sales:SalesItem:Sell18kJewelry -6600 HKD
  category: "Jewelry"
  sku: "DD2024092400000001"
  qty: 1
  referenceNo: "489"
  orderId: "783b2d8a-ca37-479d-945a-a68758aa40a5"
  type: "Invoice Item"
  sourceId: "5fc05ae1-698f-40fc-838b-daf3e9be6ae2"
  Assets:CurrentAssets:AccountReceivable
  referenceNo: "489"
  orderId: "783b2d8a-ca37-479d-945a-a68758aa40a5"
  type: "Invoice"
  sourceId: "783b2d8a-ca37-479d-945a-a68758aa40a5"
  contact: "852 60335752 (MS CHAN) [7a216702-b55c-43ab-b112-657670f35cda]"
2024-09-02 * "Assets:CurrentAssets:Bank:KpayBank" "Invoice Payment for Invoice #489 #d145f579-fa0d-4054-9f2e-3b421840f186"
  Assets:CurrentAssets:Bank:KpayBank 6600 HKD
  type: "Invoice Payment"
  sourceId: "d145f579-fa0d-4054-9f2e-3b421840f186"
  referenceNo: "489"
  orderId: "783b2d8a-ca37-479d-945a-a68758aa40a5"
  Assets:CurrentAssets:AccountReceivable -6600 HKD
  type: "Invoice Payment"
  sourceId: "d145f579-fa0d-4054-9f2e-3b421840f186"
  referenceNo: "489"
  orderId: "783b2d8a-ca37-479d-945a-a68758aa40a5"
  contact: "852 60335752 (MS CHAN) [7a216702-b55c-43ab-b112-657670f35cda]"
2024-09-03 * "Invoice #491 R24131 #11"
  Income:Sales:SalesItem:Sell18kJewelry -2500 HKD
  category: "Jewelry"
  sku: "DD2024091400000001"
  qty: 1
  referenceNo: "491"
  orderId: "c7ba10aa-76ab-4b37-9b61-b64d9f3b31a7"
  type: "Invoice Item"
  sourceId: "8d1c5824-58c1-4a3f-bfe6-8638ed6d242e"
  Assets:CurrentAssets:AccountReceivable
  referenceNo: "491"
  orderId: "c7ba10aa-76ab-4b37-9b61-b64d9f3b31a7"
  type: "Invoice"
  sourceId: "c7ba10aa-76ab-4b37-9b61-b64d9f3b31a7"
  contact: "852 60322823 (Dora Leung) [63b12cff-3a6c-44b7-a2ea-3ccf849c8c15]"
2024-09-05 * "Bill #1097 DKK 雜項"
  referenceNo: "1097"
  orderId: "90bba1c3-333d-44de-8363-58287b625a6e"
  type: "Bill"
  Expenses:OfficeExpenses 20 HKD
  qty: "1"
  description: "DKK 雜項"
  referenceNo: "1097"
  orderId: "90bba1c3-333d-44de-8363-58287b625a6e"
  type: "Bill Item"
  sourceId: "fcb0d087-bf5b-41dd-87b7-dd1859fd90ef"
  Liabilities:CurrentLiabilities:AccountPayable
  referenceNo: "1097"
  orderId: "90bba1c3-333d-44de-8363-58287b625a6e"
  type: "Bill"
  sourceId: "90bba1c3-333d-44de-8363-58287b625a6e"
  contact: "880 806 () [53b8789a-4451-4a1f-84f7-a9c5da7ada1a]"
2024-09-05 * "Bill #1096 清潔姐姐薪金(08/24)"
  referenceNo: "1096"
  orderId: "727f3a67-35be-40a7-bf96-2a7588ef5029"
  type: "Bill"
  Expenses:WagesAndSalaries 1380 HKD
  qty: "1"
  description: "清潔姐姐薪金(08/24)"
  referenceNo: "1096"
  orderId: "727f3a67-35be-40a7-bf96-2a7588ef5029"
  type: "Bill Item"
  sourceId: "3a78415c-5d25-4c35-a4d5-8783e04129dc"
  Liabilities:CurrentLiabilities:AccountPayable
  referenceNo: "1096"
  orderId: "727f3a67-35be-40a7-bf96-2a7588ef5029"
  type: "Bill"
  sourceId: "727f3a67-35be-40a7-bf96-2a7588ef5029"
  contact: "880 806 () [53b8789a-4451-4a1f-84f7-a9c5da7ada1a]"
2024-09-05 * "880 806 () [53b8789a-4451-4a1f-84f7-a9c5da7ada1a]" "Bill Payment for Bill #1096 #1e27a067-08ac-4e8d-99e9-ac0a43539f18"
  contact: "880 806 () [53b8789a-4451-4a1f-84f7-a9c5da7ada1a]"
  Liabilities:CurrentLiabilities:AccountPayable 1380 HKD
  type: "Bill Payment"
  sourceId: "1e27a067-08ac-4e8d-99e9-ac0a43539f18"
  referenceNo: "1096"
  orderId: "727f3a67-35be-40a7-bf96-2a7588ef5029"
  Liabilities:CurrentLiabilities:CurrentAccount:C-a-MilrichElectronicsHkCoLtd -1380 HKD
  type: "Bill Payment"
  sourceId: "1e27a067-08ac-4e8d-99e9-ac0a43539f18"
  referenceNo: "1096"
  orderId: "727f3a67-35be-40a7-bf96-2a7588ef5029"
2024-09-05 * "880 806 () [53b8789a-4451-4a1f-84f7-a9c5da7ada1a]" "Bill Payment for Bill #1097 #989eb0d8-e728-41e9-a9fe-d976667199da"
  contact: "880 806 () [53b8789a-4451-4a1f-84f7-a9c5da7ada1a]"
  Liabilities:CurrentLiabilities:AccountPayable 20 HKD
  type: "Bill Payment"
  sourceId: "989eb0d8-e728-41e9-a9fe-d976667199da"
  referenceNo: "1097"
  orderId: "90bba1c3-333d-44de-8363-58287b625a6e"
  Liabilities:CurrentLiabilities:CurrentAccount:C-a-MilrichElectronicsHkCoLtd -20 HKD
  type: "Bill Payment"
  sourceId: "989eb0d8-e728-41e9-a9fe-d976667199da"
  referenceNo: "1097"
  orderId: "90bba1c3-333d-44de-8363-58287b625a6e"
2024-09-07 * "Bill #1098 ERIC~補貨/客訂"
  referenceNo: "1098"
  orderId: "44521e6e-3796-4c61-ae95-d00df417645e"
  type: "Bill"
  Expenses:CostOfSales:Purchase:PurchaseItem:Buy18kJewelry 4149 CNY
  category: "Jewelry"
  sku: "DD2024090800000005"
  qty: 1
  referenceNo: "1098"
  orderId: "44521e6e-3796-4c61-ae95-d00df417645e"
  type: "Bill Item"
  sourceId: "cd3e0a52-487a-492b-810e-6e551043c70f"
  Expenses:CostOfSales:Purchase:PurchaseItem:Buy18kJewelry 2666 CNY
  category: "Jewelry"
  sku: "DD2024090800000004"
  qty: 1
  referenceNo: "1098"
  orderId: "44521e6e-3796-4c61-ae95-d00df417645e"
  type: "Bill Item"
  sourceId: "d140bf95-9080-4bcc-af0d-8b3106ea1950"
  Expenses:CostOfSales:Purchase:PurchaseItem:Buy18kJewelry 1752 CNY
  category: "Jewelry"
  sku: "DD2024090800000003"
  qty: 1
  referenceNo: "1098"
  orderId: "44521e6e-3796-4c61-ae95-d00df417645e"
  type: "Bill Item"
  sourceId: "ba95e7ad-733b-4c9e-92e9-e1a3b17ea9ba"
  Expenses:CostOfSales:Purchase:PurchaseItem:Buy18kJewelry 1652 CNY
  category: "Jewelry"
  sku: "DD2024090800000002"
  qty: 1
  referenceNo: "1098"
  orderId: "44521e6e-3796-4c61-ae95-d00df417645e"
  type: "Bill Item"
  sourceId: "5d3cdf85-b07f-473e-bc29-5e02949ba5c8"
  Expenses:CostOfSales:Purchase:PurchaseItem:Buy18kJewelry 2666 CNY
  category: "Jewelry"
  sku: "DD2024090800000001"
  qty: 1
  referenceNo: "1098"
  orderId: "44521e6e-3796-4c61-ae95-d00df417645e"
  type: "Bill Item"
  sourceId: "5c8c623d-56ee-4946-9100-d10f6a5b75a0"
  Liabilities:CurrentLiabilities:AccountPayable
  referenceNo: "1098"
  orderId: "44521e6e-3796-4c61-ae95-d00df417645e"
  type: "Bill"
  sourceId: "44521e6e-3796-4c61-ae95-d00df417645e"
  contact: "86 97978678 (ERIC) [cb2cbf18-d8c3-40eb-a388-d7234ea70615]"
2024-09-07 * "Assets:CurrentAssets:Bank:KpayBank" "Invoice Payment for Invoice #478 #6c1b91dd-abcf-431d-9f94-08ea3c107e3b"
  Assets:CurrentAssets:Bank:KpayBank 1250 HKD
  type: "Invoice Payment"
  sourceId: "6c1b91dd-abcf-431d-9f94-08ea3c107e3b"
  referenceNo: "478"
  orderId: "f5f3f022-beae-4599-a4c0-af8b700a74ed"
  Assets:CurrentAssets:AccountReceivable -1250 HKD
  type: "Invoice Payment"
  sourceId: "6c1b91dd-abcf-431d-9f94-08ea3c107e3b"
  referenceNo: "478"
  orderId: "f5f3f022-beae-4599-a4c0-af8b700a74ed"
  contact: "852 61108948 (Miss Ng) [b9dfa2ea-ccfc-420e-9cf8-ee0cb0651d12]"
2024-09-08 * "Bill #1099 RING REPAIR inv #492 補石"
  referenceNo: "1099"
  orderId: "510e984e-fdd9-4d99-a6d5-671f99076020"
  type: "Bill"
  Expenses:CostOfSales:Purchase:PurchaseItem:BuyCost-ProcessingFee 200 HKD
  category: "Other"
  sku: "Processing 044"
  qty: 1
  referenceNo: "1099"
  orderId: "510e984e-fdd9-4d99-a6d5-671f99076020"
  type: "Bill Item"
  sourceId: "f0d6fb8b-d04d-4ddd-a6ca-538cf9e6d815"
  Liabilities:CurrentLiabilities:AccountPayable
  referenceNo: "1099"
  orderId: "510e984e-fdd9-4d99-a6d5-671f99076020"
  type: "Bill"
  sourceId: "510e984e-fdd9-4d99-a6d5-671f99076020"
  contact: "852 96221974 (強哥 首飾加工師傅) [cef6a8eb-0892-4a7c-bfdc-328752af4fd5]"
2024-09-09 * "Bill #1125 外援 楠楠 7-8月2024 工資"
  referenceNo: "1125"
  orderId: "64e68b49-e832-4b2a-a716-5ce9a45e2cd6"
  type: "Bill"
  Expenses:ExpensesB 19131 HKD
  qty: "1"
  description: "外援 楠楠 7-8月2024 工資"
  referenceNo: "1125"
  orderId: "64e68b49-e832-4b2a-a716-5ce9a45e2cd6"
  type: "Bill Item"
  sourceId: "0c6258fb-ad79-42f0-aa04-7bc5f0bef5bb"
  Liabilities:CurrentLiabilities:AccountPayable
  referenceNo: "1125"
  orderId: "64e68b49-e832-4b2a-a716-5ce9a45e2cd6"
  type: "Bill"
  sourceId: "64e68b49-e832-4b2a-a716-5ce9a45e2cd6"
  contact: "852 666 (666 Expenses (B)) [fa89b8c4-a5ec-478f-ab27-2978d8995fce]"
2024-09-09 * "Bill #1236 G17 雜項"
  referenceNo: "1236"
  orderId: "e125ef71-e893-451e-a72c-92d0f158f1c5"
  type: "Bill"
  Expenses:OfficeExpenses 687 HKD
  qty: "1"
  description: "G17 雜項"
  referenceNo: "1236"
  orderId: "e125ef71-e893-451e-a72c-92d0f158f1c5"
  type: "Bill Item"
  sourceId: "df8ef214-591f-40f9-924e-3708d2173943"
  Liabilities:CurrentLiabilities:AccountPayable
  referenceNo: "1236"
  orderId: "e125ef71-e893-451e-a72c-92d0f158f1c5"
  type: "Bill"
  sourceId: "e125ef71-e893-451e-a72c-92d0f158f1c5"
  contact: "880 806 () [53b8789a-4451-4a1f-84f7-a9c5da7ada1a]"
2024-09-09 * "852 666 (666 Expenses (B)) [fa89b8c4-a5ec-478f-ab27-2978d8995fce]" "Bill Payment for Bill #1125 #ee5c858f-bd4b-4da0-8440-73a7b87025df"
  contact: "852 666 (666 Expenses (B)) [fa89b8c4-a5ec-478f-ab27-2978d8995fce]"
  Liabilities:CurrentLiabilities:AccountPayable 19131 HKD
  type: "Bill Payment"
  sourceId: "ee5c858f-bd4b-4da0-8440-73a7b87025df"
  referenceNo: "1125"
  orderId: "64e68b49-e832-4b2a-a716-5ce9a45e2cd6"
  contact: "852 666 (666 Expenses (B)) [fa89b8c4-a5ec-478f-ab27-2978d8995fce]"
  Liabilities:CurrentLiabilities:AccountPayable -19131 HKD
  type: "Bill Payment"
  sourceId: "ee5c858f-bd4b-4da0-8440-73a7b87025df"
  referenceNo: "1125"
  orderId: "64e68b49-e832-4b2a-a716-5ce9a45e2cd6"
2024-09-09 * "880 806 () [53b8789a-4451-4a1f-84f7-a9c5da7ada1a]" "Bill Payment for Bill #1236 #0d9d9418-18d5-4816-9b1c-1969941119d9"
  contact: "880 806 () [53b8789a-4451-4a1f-84f7-a9c5da7ada1a]"
  Liabilities:CurrentLiabilities:AccountPayable 687 HKD
  type: "Bill Payment"
  sourceId: "0d9d9418-18d5-4816-9b1c-1969941119d9"
  referenceNo: "1236"
  orderId: "e125ef71-e893-451e-a72c-92d0f158f1c5"
  Liabilities:CurrentLiabilities:CurrentAccount:C-a-MilrichElectronicsHkCoLtd -687 HKD
  type: "Bill Payment"
  sourceId: "0d9d9418-18d5-4816-9b1c-1969941119d9"
  referenceNo: "1236"
  orderId: "e125ef71-e893-451e-a72c-92d0f158f1c5"
2024-09-09 * "852 96221974 (強哥 首飾加工師傅) [cef6a8eb-0892-4a7c-bfdc-328752af4fd5]" "Bill Payment for Bill #1099 #2536c3bb-1111-4289-8cc1-5a484a13f592"
  contact: "852 96221974 (強哥 首飾加工師傅) [cef6a8eb-0892-4a7c-bfdc-328752af4fd5]"
  Liabilities:CurrentLiabilities:AccountPayable 200 HKD
  type: "Bill Payment"
  sourceId: "2536c3bb-1111-4289-8cc1-5a484a13f592"
  referenceNo: "1099"
  orderId: "510e984e-fdd9-4d99-a6d5-671f99076020"
  Assets:CurrentAssets:Cash:CashInHand -200 HKD
  type: "Bill Payment"
  sourceId: "2536c3bb-1111-4289-8cc1-5a484a13f592"
  referenceNo: "1099"
  orderId: "510e984e-fdd9-4d99-a6d5-671f99076020"
2024-09-09 * "Invoice #492 修理戒指 bill #1099"
  Income:Sales:SalesItem:Sell-ForProcess交外廠加工 -250 HKD
  category: "Other"
  sku: "Processing 044"
  qty: 1
  referenceNo: "492"
  orderId: "1e2c1a53-deeb-427c-8eb3-a16209f8301b"
  type: "Invoice Item"
  sourceId: "0337a75d-80d2-4589-b597-436216ab3c28"
  Assets:CurrentAssets:AccountReceivable
  referenceNo: "492"
  orderId: "1e2c1a53-deeb-427c-8eb3-a16209f8301b"
  type: "Invoice"
  sourceId: "1e2c1a53-deeb-427c-8eb3-a16209f8301b"
  contact: "852 98481272 (Candy Cheung) [fbb55864-a89e-4bc1-93f6-3234f203962f]"
2024-09-09 * "Assets:CurrentAssets:Cash:CashInHand" "Invoice Payment for Invoice #492 #e7ceee0b-facf-42fc-b8a6-6b25abfa1ec0"
  Assets:CurrentAssets:Cash:CashInHand 250 HKD
  type: "Invoice Payment"
  sourceId: "e7ceee0b-facf-42fc-b8a6-6b25abfa1ec0"
  referenceNo: "492"
  orderId: "1e2c1a53-deeb-427c-8eb3-a16209f8301b"
  Assets:CurrentAssets:AccountReceivable -250 HKD
  type: "Invoice Payment"
  sourceId: "e7ceee0b-facf-42fc-b8a6-6b25abfa1ec0"
  referenceNo: "492"
  orderId: "1e2c1a53-deeb-427c-8eb3-a16209f8301b"
  contact: "852 98481272 (Candy Cheung) [fbb55864-a89e-4bc1-93f6-3234f203962f]"
2024-09-09 * "Invoice #493 Stock Gold Jewellery 4.5g"
  Income:Sales:SalesItem:SellGoldJewelry -2800 HKD
  category: "Gold Jewelry"
  sku: "DD2310200000000000000147"
  qty: 1
  referenceNo: "493"
  orderId: "89ffd47d-72ed-40b6-b4c4-98df57d67117"
  type: "Invoice Item"
  sourceId: "f43506db-5834-4c8d-93c1-645bf4fe8519"
  Assets:CurrentAssets:AccountReceivable
  referenceNo: "493"
  orderId: "89ffd47d-72ed-40b6-b4c4-98df57d67117"
  type: "Invoice"
  sourceId: "89ffd47d-72ed-40b6-b4c4-98df57d67117"
  contact: "852 93694120 (Miss Chan) [a44241a6-abef-4555-a7f2-367b45278ad5]"
2024-09-09 * "Assets:CurrentAssets:Bank:KpayBank" "Invoice Payment for Invoice #493 #e4dd6bc2-c6bc-49e9-bde3-65616f5bdc00"
  Assets:CurrentAssets:Bank:KpayBank 2800 HKD
  type: "Invoice Payment"
  sourceId: "e4dd6bc2-c6bc-49e9-bde3-65616f5bdc00"
  referenceNo: "493"
  orderId: "89ffd47d-72ed-40b6-b4c4-98df57d67117"
  Assets:CurrentAssets:AccountReceivable -2800 HKD
  type: "Invoice Payment"
  sourceId: "e4dd6bc2-c6bc-49e9-bde3-65616f5bdc00"
  referenceNo: "493"
  orderId: "89ffd47d-72ed-40b6-b4c4-98df57d67117"
  contact: "852 93694120 (Miss Chan) [a44241a6-abef-4555-a7f2-367b45278ad5]"
2024-09-10 * "Invoice #494 Stock Gold Jewellery"
  Income:Sales:SalesItem:SellGoldJewelry -750 HKD
  category: "Gold Jewelry"
  sku: "DD2310200000000000000101"
  qty: 1
  referenceNo: "494"
  orderId: "988957bc-c7e6-4544-8016-2bc07c621fa2"
  type: "Invoice Item"
  sourceId: "a112a572-3b3b-4cef-b91c-cac3db698493"
  Income:Sales:SalesItem:SellGoldJewelry -900 HKD
  category: "Gold Jewelry"
  sku: "DD2310200000000000000102"
  qty: 1
  referenceNo: "494"
  orderId: "988957bc-c7e6-4544-8016-2bc07c621fa2"
  type: "Invoice Item"
  sourceId: "e37778a2-90f0-445a-86f2-bc43d900cf94"
  Income:Sales:SalesItem:SellGoldJewelry -950 HKD
  category: "Gold Jewelry"
  sku: "DDFF2305120A000000000013"
  qty: 1
  referenceNo: "494"
  orderId: "988957bc-c7e6-4544-8016-2bc07c621fa2"
  type: "Invoice Item"
  sourceId: "678d8701-0143-422d-9b1f-6096a41d585e"
  Assets:CurrentAssets:AccountReceivable
  referenceNo: "494"
  orderId: "988957bc-c7e6-4544-8016-2bc07c621fa2"
  type: "Invoice"
  sourceId: "988957bc-c7e6-4544-8016-2bc07c621fa2"
  contact: "880 802 (Walk in) [42348712-7daa-4c29-93b7-756b472429a4]"
2024-09-10 * "Assets:CurrentAssets:Bank:KpayBank" "Invoice Payment for Invoice #494 #1465b186-aa86-4644-b6ff-005388a8bbd3"
  Assets:CurrentAssets:Bank:KpayBank 2600 HKD
  type: "Invoice Payment"
  sourceId: "1465b186-aa86-4644-b6ff-005388a8bbd3"
  referenceNo: "494"
  orderId: "988957bc-c7e6-4544-8016-2bc07c621fa2"
  Assets:CurrentAssets:AccountReceivable -2600 HKD
  type: "Invoice Payment"
  sourceId: "1465b186-aa86-4644-b6ff-005388a8bbd3"
  referenceNo: "494"
  orderId: "988957bc-c7e6-4544-8016-2bc07c621fa2"
  contact: "880 802 (Walk in) [42348712-7daa-4c29-93b7-756b472429a4]"
2024-09-10 * "Bill #1101 畫圖設計"
  referenceNo: "1101"
  orderId: "10c33411-ccda-465f-98a0-b2c84499e4d9"
  type: "Bill"
  Expenses:CostOfSales:Purchase:PurchaseItem:BuyBespoke 5000 HKD
  qty: "1"
  description: "畫圖設計費用"
  referenceNo: "1101"
  orderId: "10c33411-ccda-465f-98a0-b2c84499e4d9"
  type: "Bill Item"
  sourceId: "d6de09f3-ba2c-41f3-ac69-4a2d7887854f"
  Liabilities:CurrentLiabilities:AccountPayable
  referenceNo: "1101"
  orderId: "10c33411-ccda-465f-98a0-b2c84499e4d9"
  type: "Bill"
  sourceId: "10c33411-ccda-465f-98a0-b2c84499e4d9"
  contact: "998 12345740 (PRESSURE WORK DESIGN CONSULTANTS) [205398a5-a6c5-4a09-938a-7308f6334f41]"
2024-09-10 * "998 12345740 (PRESSURE WORK DESIGN CONSULTANTS) [205398a5-a6c5-4a09-938a-7308f6334f41]" "Bill Payment for Bill #1101 #bcdd4872-3b1c-4063-b476-47d04aa8ecd6"
  contact: "998 12345740 (PRESSURE WORK DESIGN CONSULTANTS) [205398a5-a6c5-4a09-938a-7308f6334f41]"
  Liabilities:CurrentLiabilities:AccountPayable 5000 HKD
  type: "Bill Payment"
  sourceId: "bcdd4872-3b1c-4063-b476-47d04aa8ecd6"
  referenceNo: "1101"
  orderId: "10c33411-ccda-465f-98a0-b2c84499e4d9"
  Assets:CurrentAssets:Cash:CashInHand -5000 HKD
  type: "Bill Payment"
  sourceId: "bcdd4872-3b1c-4063-b476-47d04aa8ecd6"
  referenceNo: "1101"
  orderId: "10c33411-ccda-465f-98a0-b2c84499e4d9"
2024-09-11 * "Bill #1118 DKK 雜項"
  referenceNo: "1118"
  orderId: "cf482eeb-2f38-48a2-bef2-743a89579e84"
  type: "Bill"
  Expenses:OfficeExpenses 437 HKD
  qty: "1"
  description: "DKK 雜項"
  referenceNo: "1118"
  orderId: "cf482eeb-2f38-48a2-bef2-743a89579e84"
  type: "Bill Item"
  sourceId: "5f92b035-12e7-4042-9881-41a2c97e3afd"
  Liabilities:CurrentLiabilities:AccountPayable
  referenceNo: "1118"
  orderId: "cf482eeb-2f38-48a2-bef2-743a89579e84"
  type: "Bill"
  sourceId: "cf482eeb-2f38-48a2-bef2-743a89579e84"
  contact: "880 806 () [53b8789a-4451-4a1f-84f7-a9c5da7ada1a]"
2024-09-11 * "880 806 () [53b8789a-4451-4a1f-84f7-a9c5da7ada1a]" "Bill Payment for Bill #1118 #8cd2dde4-fda6-4771-b570-c44b878635c4"
  contact: "880 806 () [53b8789a-4451-4a1f-84f7-a9c5da7ada1a]"
  Liabilities:CurrentLiabilities:AccountPayable 437 HKD
  type: "Bill Payment"
  sourceId: "8cd2dde4-fda6-4771-b570-c44b878635c4"
  referenceNo: "1118"
  orderId: "cf482eeb-2f38-48a2-bef2-743a89579e84"
  Liabilities:CurrentLiabilities:CurrentAccount:C-a-MilrichElectronicsHkCoLtd -437 HKD
  type: "Bill Payment"
  sourceId: "8cd2dde4-fda6-4771-b570-c44b878635c4"
  referenceNo: "1118"
  orderId: "cf482eeb-2f38-48a2-bef2-743a89579e84"
2024-09-12 * "Bill #1113 12 PCS SAPPHIRE(12.45CT)"
  referenceNo: "1113"
  orderId: "7e67ac91-5c12-47e3-9eec-9bd3efc1f319"
  type: "Bill"
  Expenses:CostOfSales:Purchase:PurchaseItem:BuyGems 400 HKD
  category: "Gem"
  sku: "SAP2407"
  qty: 1
  referenceNo: "1113"
  orderId: "7e67ac91-5c12-47e3-9eec-9bd3efc1f319"
  type: "Bill Item"
  sourceId: "e2471287-03b6-4296-8dc4-a1608f527301"
  Expenses:CostOfSales:Purchase:PurchaseItem:BuyGems 400 HKD
  category: "Gem"
  sku: "SAP2410"
  qty: 1
  referenceNo: "1113"
  orderId: "7e67ac91-5c12-47e3-9eec-9bd3efc1f319"
  type: "Bill Item"
  sourceId: "997ceb3c-8bb8-45ee-9cba-7fbaa51ab86d"
  Expenses:CostOfSales:Purchase:PurchaseItem:BuyGems 400 HKD
  category: "Gem"
  sku: "SAP2406"
  qty: 1
  referenceNo: "1113"
  orderId: "7e67ac91-5c12-47e3-9eec-9bd3efc1f319"
  type: "Bill Item"
  sourceId: "5a495226-1ed9-4ef2-9f00-47b9322d2682"
  Expenses:CostOfSales:Purchase:PurchaseItem:BuyGems 400 HKD
  category: "Gem"
  sku: "SAP2409"
  qty: 1
  referenceNo: "1113"
  orderId: "7e67ac91-5c12-47e3-9eec-9bd3efc1f319"
  type: "Bill Item"
  sourceId: "0c6f634d-da6b-48fe-aab1-8c7c749f584b"
  Expenses:CostOfSales:Purchase:PurchaseItem:BuyGems 400 HKD
  category: "Gem"
  sku: "SAP2413"
  qty: 1
  referenceNo: "1113"
  orderId: "7e67ac91-5c12-47e3-9eec-9bd3efc1f319"
  type: "Bill Item"
  sourceId: "5b5ce1ef-5fa3-43bc-92c8-d87573f1786b"
  Expenses:CostOfSales:Purchase:PurchaseItem:BuyGems 400 HKD
  category: "Gem"
  sku: "SAP2408"
  qty: 1
  referenceNo: "1113"
  orderId: "7e67ac91-5c12-47e3-9eec-9bd3efc1f319"
  type: "Bill Item"
  sourceId: "9e8dfd52-eba1-448a-b9c5-e5c57934aa2b"
  Expenses:CostOfSales:Purchase:PurchaseItem:BuyGems 400 HKD
  category: "Gem"
  sku: "SAP2405"
  qty: 1
  referenceNo: "1113"
  orderId: "7e67ac91-5c12-47e3-9eec-9bd3efc1f319"
  type: "Bill Item"
  sourceId: "50b00ecf-913c-4215-9130-eea9d7c47bda"
  Expenses:CostOfSales:Purchase:PurchaseItem:BuyGems 400 HKD
  category: "Gem"
  sku: "SAP2416"
  qty: 1
  referenceNo: "1113"
  orderId: "7e67ac91-5c12-47e3-9eec-9bd3efc1f319"
  type: "Bill Item"
  sourceId: "1a80a9a4-6f91-4d0f-9c98-19467e6ef9f3"
  Expenses:CostOfSales:Purchase:PurchaseItem:BuyGems 400 HKD
  category: "Gem"
  sku: "SAP2415"
  qty: 1
  referenceNo: "1113"
  orderId: "7e67ac91-5c12-47e3-9eec-9bd3efc1f319"
  type: "Bill Item"
  sourceId: "60d2b023-b709-4857-b477-c2a22cf9ef1d"
  Expenses:CostOfSales:Purchase:PurchaseItem:BuyGems 400 HKD
  category: "Gem"
  sku: "SAP2414"
  qty: 1
  referenceNo: "1113"
  orderId: "7e67ac91-5c12-47e3-9eec-9bd3efc1f319"
  type: "Bill Item"
  sourceId: "90528c5a-fec0-4887-a11d-288a9d91bb3e"
  Expenses:CostOfSales:Purchase:PurchaseItem:BuyGems 400 HKD
  category: "Gem"
  sku: "SAP2411"
  qty: 1
  referenceNo: "1113"
  orderId: "7e67ac91-5c12-47e3-9eec-9bd3efc1f319"
  type: "Bill Item"
  sourceId: "f826349a-5b16-4abc-99ea-5d853401d443"
  Expenses:CostOfSales:Purchase:PurchaseItem:BuyGems 400 HKD
  category: "Gem"
  sku: "SAP2412"
  qty: 1
  referenceNo: "1113"
  orderId: "7e67ac91-5c12-47e3-9eec-9bd3efc1f319"
  type: "Bill Item"
  sourceId: "40efded6-bcbb-4271-a676-00f6e8466a88"
  Liabilities:CurrentLiabilities:AccountPayable
  referenceNo: "1113"
  orderId: "7e67ac91-5c12-47e3-9eec-9bd3efc1f319"
  type: "Bill"
  sourceId: "7e67ac91-5c12-47e3-9eec-9bd3efc1f319"
  contact: "94 773169500 (GIMHAN GEMS) [e8c1b76f-4e07-4c85-8bab-e3e4e34a5034]"
2024-09-12 * "94 773169500 (GIMHAN GEMS) [e8c1b76f-4e07-4c85-8bab-e3e4e34a5034]" "Bill Payment for Bill #1113 #41bc529c-ff93-4cbd-9698-3afe5f0fb644"
  contact: "94 773169500 (GIMHAN GEMS) [e8c1b76f-4e07-4c85-8bab-e3e4e34a5034]"
  Liabilities:CurrentLiabilities:AccountPayable 4800 HKD
  type: "Bill Payment"
  sourceId: "41bc529c-ff93-4cbd-9698-3afe5f0fb644"
  referenceNo: "1113"
  orderId: "7e67ac91-5c12-47e3-9eec-9bd3efc1f319"
  Assets:CurrentAssets:Cash:CashInHand -4800 HKD
  type: "Bill Payment"
  sourceId: "41bc529c-ff93-4cbd-9698-3afe5f0fb644"
  referenceNo: "1113"
  orderId: "7e67ac91-5c12-47e3-9eec-9bd3efc1f319"
2024-09-12 * "Assets:CurrentAssets:Bank:KpayBank" "Invoice Payment for Invoice #481 #6fe7df78-d297-4785-b1f7-258e115da237"
  Assets:CurrentAssets:Bank:KpayBank 2450 HKD
  type: "Invoice Payment"
  sourceId: "6fe7df78-d297-4785-b1f7-258e115da237"
  referenceNo: "481"
  orderId: "99ca9d92-c11d-463e-80d7-dbd1187093d3"
  Assets:CurrentAssets:AccountReceivable -2450 HKD
  type: "Invoice Payment"
  sourceId: "6fe7df78-d297-4785-b1f7-258e115da237"
  referenceNo: "481"
  orderId: "99ca9d92-c11d-463e-80d7-dbd1187093d3"
  contact: "852 61578639 (MS ALICE TSANG) [59052376-0894-4c79-aafb-0e8a30850ad4]"
2024-09-13 * "Invoice #495 Stock Gold Jewellery 45.33g"
  Income:Sales:SalesItem:SellGoldJewelry -15500 HKD
  category: "Gold Jewelry"
  sku: "DDFF23051204000000000031"
  qty: 1
  referenceNo: "495"
  orderId: "2fa35c15-7389-42b1-9393-4730305f7d43"
  type: "Invoice Item"
  sourceId: "0cdb865b-a25a-4406-93f0-5ef129156d47"
  Income:Sales:SalesItem:SellGoldJewelry -11000 HKD
  category: "Gold Jewelry"
  sku: "DD2310200000000000000215"
  qty: 1
  referenceNo: "495"
  orderId: "2fa35c15-7389-42b1-9393-4730305f7d43"
  type: "Invoice Item"
  sourceId: "350e3c79-3111-454f-9700-d6d57f80fdcd"
  Assets:CurrentAssets:AccountReceivable
  referenceNo: "495"
  orderId: "2fa35c15-7389-42b1-9393-4730305f7d43"
  type: "Invoice"
  sourceId: "2fa35c15-7389-42b1-9393-4730305f7d43"
  contact: "880 802 (Walk in) [42348712-7daa-4c29-93b7-756b472429a4]"
2024-09-13 * "Assets:CurrentAssets:Bank:KpayBank" "Invoice Payment for Invoice #495 #09d5ff51-9dfc-457b-9994-750f72c40fe9"
  Assets:CurrentAssets:Bank:KpayBank 26500 HKD
  type: "Invoice Payment"
  sourceId: "09d5ff51-9dfc-457b-9994-750f72c40fe9"
  referenceNo: "495"
  orderId: "2fa35c15-7389-42b1-9393-4730305f7d43"
  Assets:CurrentAssets:AccountReceivable -26500 HKD
  type: "Invoice Payment"
  sourceId: "09d5ff51-9dfc-457b-9994-750f72c40fe9"
  referenceNo: "495"
  orderId: "2fa35c15-7389-42b1-9393-4730305f7d43"
  contact: "880 802 (Walk in) [42348712-7daa-4c29-93b7-756b472429a4]"
2024-09-14 * "Bill #1244 ERIC~補貨/客訂"
  referenceNo: "1244"
  orderId: "33ac7306-c7c9-44e6-b243-6070d7dcb990"
  type: "Bill"
  Expenses:CostOfSales:Purchase:PurchaseItem:Buy18kJewelry 1652 CNY
  category: "Jewelry"
  sku: "DD2024091400000001"
  qty: 1
  referenceNo: "1244"
  orderId: "33ac7306-c7c9-44e6-b243-6070d7dcb990"
  type: "Bill Item"
  sourceId: "ce1f58f8-1f2e-46ff-82de-73ab00d0ad25"
  Expenses:CostOfSales:Purchase:PurchaseItem:Buy18kJewelry 1652 CNY
  category: "Jewelry"
  sku: "DD2024091400000002"
  qty: 1
  referenceNo: "1244"
  orderId: "33ac7306-c7c9-44e6-b243-6070d7dcb990"
  type: "Bill Item"
  sourceId: "d2506de7-bc5b-4ae6-a4d9-bfd05b468b23"
  Liabilities:CurrentLiabilities:AccountPayable
  referenceNo: "1244"
  orderId: "33ac7306-c7c9-44e6-b243-6070d7dcb990"
  type: "Bill"
  sourceId: "33ac7306-c7c9-44e6-b243-6070d7dcb990"
  contact: "86 97978678 (ERIC) [cb2cbf18-d8c3-40eb-a388-d7234ea70615]"
2024-09-14 * "Invoice #496 STAFF~興哥 Stock Gold Jewellery 63.72g"
  Income:Sales:SalesItem:SellGoldJewelry -36800 HKD
  category: "Gold Jewelry"
  sku: "DDFF23051204000000000004"
  qty: 1
  referenceNo: "496"
  orderId: "1e598ec7-dc6c-4a0f-a472-f0443f1ab1d5"
  type: "Invoice Item"
  sourceId: "e7175b47-95d1-4685-afec-c95073432d84"
  Income:Sales:SalesItem:SellGoldJewelry -0 HKD
  category: "Gold Jewelry"
  sku: "DDFF23051204000000000005"
  qty: 1
  referenceNo: "496"
  orderId: "1e598ec7-dc6c-4a0f-a472-f0443f1ab1d5"
  type: "Invoice Item"
  sourceId: "037bbcee-908b-484d-9a82-b8e3cbee6428"
  Assets:CurrentAssets:AccountReceivable
  referenceNo: "496"
  orderId: "1e598ec7-dc6c-4a0f-a472-f0443f1ab1d5"
  type: "Invoice"
  sourceId: "1e598ec7-dc6c-4a0f-a472-f0443f1ab1d5"
  contact: "880 802 (Walk in) [42348712-7daa-4c29-93b7-756b472429a4]"
2024-09-14 * "Assets:CurrentAssets:Cash:CashInHand" "Invoice Payment for Invoice #496 #2553c074-a4cf-4800-a5fd-84c85de354d3"
  Assets:CurrentAssets:Cash:CashInHand 36800 HKD
  type: "Invoice Payment"
  sourceId: "2553c074-a4cf-4800-a5fd-84c85de354d3"
  referenceNo: "496"
  orderId: "1e598ec7-dc6c-4a0f-a472-f0443f1ab1d5"
  Assets:CurrentAssets:AccountReceivable -36800 HKD
  type: "Invoice Payment"
  sourceId: "2553c074-a4cf-4800-a5fd-84c85de354d3"
  referenceNo: "496"
  orderId: "1e598ec7-dc6c-4a0f-a472-f0443f1ab1d5"
  contact: "880 802 (Walk in) [42348712-7daa-4c29-93b7-756b472429a4]"
2024-09-14 * "Invoice #497 STAFF~ 余志樑 Stock Gold Jewellery 4.06g"
  Income:Sales:SalesItem:SellGoldJewelry -2600 HKD
  category: "Gold Jewelry"
  sku: "DDFF23051703000000000021"
  qty: 1
  referenceNo: "497"
  orderId: "3f15f58f-1a9c-401c-8ce8-b5a55ce7e44c"
  type: "Invoice Item"
  sourceId: "c0f64503-3752-4edc-9bf8-b65810398ab3"
  Assets:CurrentAssets:AccountReceivable
  referenceNo: "497"
  orderId: "3f15f58f-1a9c-401c-8ce8-b5a55ce7e44c"
  type: "Invoice"
  sourceId: "3f15f58f-1a9c-401c-8ce8-b5a55ce7e44c"
  contact: "880 802 (Walk in) [42348712-7daa-4c29-93b7-756b472429a4]"
2024-09-15 * "Invoice #498 STAFF~ 余志樑 Stock Gold Jewellery"
  Income:Sales:SalesItem:SellGoldJewelry -1480 HKD
  category: "Gold Jewelry"
  sku: "DDFF23051202000000000019"
  qty: 1
  referenceNo: "498"
  orderId: "0a73ab3e-562e-4d87-a7a4-eeec640744e9"
  type: "Invoice Item"
  sourceId: "bcd05547-344f-4f21-a2d1-e3409719f59a"
  Assets:CurrentAssets:AccountReceivable
  referenceNo: "498"
  orderId: "0a73ab3e-562e-4d87-a7a4-eeec640744e9"
  type: "Invoice"
  sourceId: "0a73ab3e-562e-4d87-a7a4-eeec640744e9"
  contact: "880 802 (Walk in) [42348712-7daa-4c29-93b7-756b472429a4]"
2024-09-15 * "Assets:CurrentAssets:Cash:CashInHand" "Invoice Payment for Invoice #498 #c3d1ca7c-be38-4ce4-a3c4-b7bd2f44bea8"
  Assets:CurrentAssets:Cash:CashInHand 1480 HKD
  type: "Invoice Payment"
  sourceId: "c3d1ca7c-be38-4ce4-a3c4-b7bd2f44bea8"
  referenceNo: "498"
  orderId: "0a73ab3e-562e-4d87-a7a4-eeec640744e9"
  Assets:CurrentAssets:AccountReceivable -1480 HKD
  type: "Invoice Payment"
  sourceId: "c3d1ca7c-be38-4ce4-a3c4-b7bd2f44bea8"
  referenceNo: "498"
  orderId: "0a73ab3e-562e-4d87-a7a4-eeec640744e9"
  contact: "880 802 (Walk in) [42348712-7daa-4c29-93b7-756b472429a4]"
2024-09-15 * "Invoice #499 STAFF~ 余志樑 Stock Gold Jewellery"
  Income:Sales:SalesItem:SellGoldJewelry -1450 HKD
  category: "Gold Jewelry"
  sku: "DDFF23051202000000000005"
  qty: 1
  referenceNo: "499"
  orderId: "fb5a5848-3858-4a6d-9168-c1f131921c29"
  type: "Invoice Item"
  sourceId: "3e138a9f-a6f4-4e33-a656-c44699dc10a6"
  Assets:CurrentAssets:AccountReceivable
  referenceNo: "499"
  orderId: "fb5a5848-3858-4a6d-9168-c1f131921c29"
  type: "Invoice"
  sourceId: "fb5a5848-3858-4a6d-9168-c1f131921c29"
  contact: "880 802 (Walk in) [42348712-7daa-4c29-93b7-756b472429a4]"
2024-09-15 * "Assets:CurrentAssets:Cash:CashInHand" "Invoice Payment for Invoice #499 #ffdfeee8-5d58-473a-be24-c80d4806b4cb"
  Assets:CurrentAssets:Cash:CashInHand 1450 HKD
  type: "Invoice Payment"
  sourceId: "ffdfeee8-5d58-473a-be24-c80d4806b4cb"
  referenceNo: "499"
  orderId: "fb5a5848-3858-4a6d-9168-c1f131921c29"
  Assets:CurrentAssets:AccountReceivable -1450 HKD
  type: "Invoice Payment"
  sourceId: "ffdfeee8-5d58-473a-be24-c80d4806b4cb"
  referenceNo: "499"
  orderId: "fb5a5848-3858-4a6d-9168-c1f131921c29"
  contact: "880 802 (Walk in) [42348712-7daa-4c29-93b7-756b472429a4]"
2024-09-15 * "Invoice #500 STAFF~ 余志樑 Stock Gold Jewellery 23.19g"
  Income:Sales:SalesItem:SellGoldJewelry -13800 HKD
  category: "Gold Jewelry"
  sku: "DD2310200000000000000212"
  qty: 1
  referenceNo: "500"
  orderId: "afe95a48-c5bb-41bf-9b7e-7801915e608c"
  type: "Invoice Item"
  sourceId: "f9e1dfc7-d4a5-4b70-baf1-c691c8c76c75"
  Assets:CurrentAssets:AccountReceivable
  referenceNo: "500"
  orderId: "afe95a48-c5bb-41bf-9b7e-7801915e608c"
  type: "Invoice"
  sourceId: "afe95a48-c5bb-41bf-9b7e-7801915e608c"
  contact: "880 802 (Walk in) [42348712-7daa-4c29-93b7-756b472429a4]"
2024-09-15 * "Assets:CurrentAssets:Cash:CashInHand" "Invoice Payment for Invoice #500 #b4801d28-4a59-4329-9711-d6491802c601"
  Assets:CurrentAssets:Cash:CashInHand 13800 HKD
  type: "Invoice Payment"
  sourceId: "b4801d28-4a59-4329-9711-d6491802c601"
  referenceNo: "500"
  orderId: "afe95a48-c5bb-41bf-9b7e-7801915e608c"
  Assets:CurrentAssets:AccountReceivable -13800 HKD
  type: "Invoice Payment"
  sourceId: "b4801d28-4a59-4329-9711-d6491802c601"
  referenceNo: "500"
  orderId: "afe95a48-c5bb-41bf-9b7e-7801915e608c"
  contact: "880 802 (Walk in) [42348712-7daa-4c29-93b7-756b472429a4]"
2024-09-15 * "Assets:CurrentAssets:Cash:CashInHand" "Invoice Payment for Invoice #497 #1855fcfb-2a57-4797-b746-eb4d3d4f7dc6"
  Assets:CurrentAssets:Cash:CashInHand 2600 HKD
  type: "Invoice Payment"
  sourceId: "1855fcfb-2a57-4797-b746-eb4d3d4f7dc6"
  referenceNo: "497"
  orderId: "3f15f58f-1a9c-401c-8ce8-b5a55ce7e44c"
  Assets:CurrentAssets:AccountReceivable -2600 HKD
  type: "Invoice Payment"
  sourceId: "1855fcfb-2a57-4797-b746-eb4d3d4f7dc6"
  referenceNo: "497"
  orderId: "3f15f58f-1a9c-401c-8ce8-b5a55ce7e44c"
  contact: "880 802 (Walk in) [42348712-7daa-4c29-93b7-756b472429a4]"
2024-09-16 * "Bill #1117 G17電費(2024-9月)"
  referenceNo: "1117"
  orderId: "cdfb0c77-7704-4bfa-a8dc-c97800a9e98b"
  type: "Bill"
  Expenses:GeneralExpense:ElectricityLightHeating 1935 HKD
  qty: "1"
  description: "G17電費(2024-9月)"
  referenceNo: "1117"
  orderId: "cdfb0c77-7704-4bfa-a8dc-c97800a9e98b"
  type: "Bill Item"
  sourceId: "cc8650a4-3858-4885-b634-777778d6d8f6"
  Liabilities:CurrentLiabilities:AccountPayable
  referenceNo: "1117"
  orderId: "cdfb0c77-7704-4bfa-a8dc-c97800a9e98b"
  type: "Bill"
  sourceId: "cdfb0c77-7704-4bfa-a8dc-c97800a9e98b"
  contact: "880 806 () [53b8789a-4451-4a1f-84f7-a9c5da7ada1a]"
2024-09-16 * "880 806 () [53b8789a-4451-4a1f-84f7-a9c5da7ada1a]" "Bill Payment for Bill #1117 #cad5c280-890c-4684-bd7a-97b3c5597c30"
  contact: "880 806 () [53b8789a-4451-4a1f-84f7-a9c5da7ada1a]"
  Liabilities:CurrentLiabilities:AccountPayable 1935 HKD
  type: "Bill Payment"
  sourceId: "cad5c280-890c-4684-bd7a-97b3c5597c30"
  referenceNo: "1117"
  orderId: "cdfb0c77-7704-4bfa-a8dc-c97800a9e98b"
  Liabilities:CurrentLiabilities:CurrentAccount:C-a-MilrichElectronicsHkCoLtd -1935 HKD
  type: "Bill Payment"
  sourceId: "cad5c280-890c-4684-bd7a-97b3c5597c30"
  referenceNo: "1117"
  orderId: "cdfb0c77-7704-4bfa-a8dc-c97800a9e98b"
2024-09-17 * "Liabilities:CurrentLiabilities:CurrentAccount:C-a-DirectorDavidKwan" "Invoice Payment for Invoice #502 #8693cc6e-a66b-4078-8bfe-25ada321ad83"
  Liabilities:CurrentLiabilities:CurrentAccount:C-a-DirectorDavidKwan 70 USD
  type: "Invoice Payment"
  sourceId: "8693cc6e-a66b-4078-8bfe-25ada321ad83"
  referenceNo: "502"
  orderId: "da948fdc-9d61-4b91-9a8a-bd433231aff7"
  Assets:CurrentAssets:AccountReceivable -70 USD
  type: "Invoice Payment"
  sourceId: "8693cc6e-a66b-4078-8bfe-25ada321ad83"
  referenceNo: "502"
  orderId: "da948fdc-9d61-4b91-9a8a-bd433231aff7"
  contact: "852 93236931 (Shirley Fung) [a623e460-7a17-4838-a741-0d4a3855aa15]"
2024-09-17 * "Bill #1119 3SAP+1GAR"
  referenceNo: "1119"
  orderId: "1417dfd9-4620-4e92-8942-cc6a01a489f4"
  type: "Bill"
  Expenses:CostOfSales:Purchase:PurchaseItem:BuyGems 40 USD
  category: "Gem"
  sku: "SAP2404"
  qty: 1
  referenceNo: "1119"
  orderId: "1417dfd9-4620-4e92-8942-cc6a01a489f4"
  type: "Bill Item"
  sourceId: "bce61e57-c822-4468-a1cf-2e814a894cea"
  Expenses:CostOfSales:Purchase:PurchaseItem:BuyGems 50 USD
  category: "Gem"
  sku: "SAP2403"
  qty: 1
  referenceNo: "1119"
  orderId: "1417dfd9-4620-4e92-8942-cc6a01a489f4"
  type: "Bill Item"
  sourceId: "7af149d8-93cd-405e-ac1b-aad423296671"
  Expenses:CostOfSales:Purchase:PurchaseItem:BuyGems 70 USD
  category: "Gem"
  sku: "GAR2401"
  qty: 1
  referenceNo: "1119"
  orderId: "1417dfd9-4620-4e92-8942-cc6a01a489f4"
  type: "Bill Item"
  sourceId: "22c440d6-3657-4901-b97a-2e726f9eb597"
  Expenses:CostOfSales:Purchase:PurchaseItem:BuyGems 70 USD
  category: "Gem"
  sku: "SAP2402"
  qty: 1
  referenceNo: "1119"
  orderId: "1417dfd9-4620-4e92-8942-cc6a01a489f4"
  type: "Bill Item"
  sourceId: "0bdbb18d-2587-4b85-9dbe-0b30ca606818"
  Liabilities:CurrentLiabilities:AccountPayable
  referenceNo: "1119"
  orderId: "1417dfd9-4620-4e92-8942-cc6a01a489f4"
  type: "Bill"
  sourceId: "1417dfd9-4620-4e92-8942-cc6a01a489f4"
  contact: "81 358166363 (KISHUN.INC) [b0ec4f70-347c-4deb-a63a-f5ec4ec7d157]"
2024-09-17 * "Invoice #502 SHIRLEY"
  Income:Sales:SalesItem:SellGems -70 USD
  category: "Gem"
  sku: "GAR2401"
  qty: 1
  referenceNo: "502"
  orderId: "da948fdc-9d61-4b91-9a8a-bd433231aff7"
  type: "Invoice Item"
  sourceId: "2ca5e9bd-9e9d-45e0-b9d1-1eef4794cee9"
  Assets:CurrentAssets:AccountReceivable
  referenceNo: "502"
  orderId: "da948fdc-9d61-4b91-9a8a-bd433231aff7"
  type: "Invoice"
  sourceId: "da948fdc-9d61-4b91-9a8a-bd433231aff7"
  contact: "852 93236931 (Shirley Fung) [a623e460-7a17-4838-a741-0d4a3855aa15]"
2024-09-17 * "Invoice #644 STAFF 基哥 Stock Gold Jewellery 38.73g"
  Income:Sales:SalesItem:SellGoldJewelry -8400 HKD
  category: "Gold Jewelry"
  sku: "DDFF23051704000000000037"
  qty: 1
  referenceNo: "644"
  orderId: "08cba501-6514-49c3-83f2-aa6c4862e0e7"
  type: "Invoice Item"
  sourceId: "20dc0b14-6ed1-458b-8467-09cf02c236c0"
  Income:Sales:SalesItem:SellGoldJewelry -12000 HKD
  category: "Gold Jewelry"
  sku: "DDFF23051703000000000036"
  qty: 1
  referenceNo: "644"
  orderId: "08cba501-6514-49c3-83f2-aa6c4862e0e7"
  type: "Invoice Item"
  sourceId: "40e46d6b-23c0-43f6-98fa-987951ad8078"
  Assets:CurrentAssets:AccountReceivable
  referenceNo: "644"
  orderId: "08cba501-6514-49c3-83f2-aa6c4862e0e7"
  type: "Invoice"
  sourceId: "08cba501-6514-49c3-83f2-aa6c4862e0e7"
  contact: "880 802 (Walk in) [42348712-7daa-4c29-93b7-756b472429a4]"
2024-09-17 * "Assets:CurrentAssets:Cash:CashInHand" "Invoice Payment for Invoice #644 #e4bbbb2e-2682-4570-8f92-177b2baa3630"
  Assets:CurrentAssets:Cash:CashInHand 20400 HKD
  type: "Invoice Payment"
  sourceId: "e4bbbb2e-2682-4570-8f92-177b2baa3630"
  referenceNo: "644"
  orderId: "08cba501-6514-49c3-83f2-aa6c4862e0e7"
  Assets:CurrentAssets:AccountReceivable -20400 HKD
  type: "Invoice Payment"
  sourceId: "e4bbbb2e-2682-4570-8f92-177b2baa3630"
  referenceNo: "644"
  orderId: "08cba501-6514-49c3-83f2-aa6c4862e0e7"
  contact: "880 802 (Walk in) [42348712-7daa-4c29-93b7-756b472429a4]"
2024-09-19 * "Bill #1123 DKK 雜項"
  referenceNo: "1123"
  orderId: "d4d2def2-ec93-490b-a9f1-c06f866aad36"
  type: "Bill"
  Expenses:GeneralExpense:TransportationAndCourier 20 HKD
  qty: "1"
  description: "G17運費"
  referenceNo: "1123"
  orderId: "d4d2def2-ec93-490b-a9f1-c06f866aad36"
  type: "Bill Item"
  sourceId: "f5da4b3a-b201-4060-a511-711a2b41326b"
  Liabilities:CurrentLiabilities:AccountPayable
  referenceNo: "1123"
  orderId: "d4d2def2-ec93-490b-a9f1-c06f866aad36"
  type: "Bill"
  sourceId: "d4d2def2-ec93-490b-a9f1-c06f866aad36"
  contact: "880 806 () [53b8789a-4451-4a1f-84f7-a9c5da7ada1a]"
2024-09-19 * "880 806 () [53b8789a-4451-4a1f-84f7-a9c5da7ada1a]" "Bill Payment for Bill #1123 #01b91725-c911-492b-bac7-a22cbcf96144"
  contact: "880 806 () [53b8789a-4451-4a1f-84f7-a9c5da7ada1a]"
  Liabilities:CurrentLiabilities:AccountPayable 20 HKD
  type: "Bill Payment"
  sourceId: "01b91725-c911-492b-bac7-a22cbcf96144"
  referenceNo: "1123"
  orderId: "d4d2def2-ec93-490b-a9f1-c06f866aad36"
  Liabilities:CurrentLiabilities:CurrentAccount:C-a-MilrichElectronicsHkCoLtd -20 HKD
  type: "Bill Payment"
  sourceId: "01b91725-c911-492b-bac7-a22cbcf96144"
  referenceNo: "1123"
  orderId: "d4d2def2-ec93-490b-a9f1-c06f866aad36"
2024-09-19 * "Invoice #503 LG DIAMOND(JACKIE)"
  Income:Sales:SalesItem:SellDiamond -2350 HKD
  category: "Jewelry"
  sku: "LG2401"
  qty: 1
  referenceNo: "503"
  orderId: "a1f5f9e4-c6c8-49f5-8218-3e72d1ad1e22"
  type: "Invoice Item"
  sourceId: "3422730a-f2d2-45e3-8124-942327d76e3d"
  Income:Sales:SalesItem:SellDiamond -2350 HKD
  category: "Jewelry"
  sku: "LG2402"
  qty: 1
  referenceNo: "503"
  orderId: "a1f5f9e4-c6c8-49f5-8218-3e72d1ad1e22"
  type: "Invoice Item"
  sourceId: "05e2fa5e-7350-46c0-808d-1edc942448f2"
  Assets:CurrentAssets:AccountReceivable
  referenceNo: "503"
  orderId: "a1f5f9e4-c6c8-49f5-8218-3e72d1ad1e22"
  type: "Invoice"
  sourceId: "a1f5f9e4-c6c8-49f5-8218-3e72d1ad1e22"
  contact: "852 93032716 (JACKIE) [2c6ec785-bec4-40f7-b485-6d6e7ae28f28]"
2024-09-19 * "Assets:CurrentAssets:Cash:CashInHand" "Invoice Payment for Invoice #503 #7d11c95b-39eb-4190-97f2-944fb9c78101"
  Assets:CurrentAssets:Cash:CashInHand 4700 HKD
  type: "Invoice Payment"
  sourceId: "7d11c95b-39eb-4190-97f2-944fb9c78101"
  referenceNo: "503"
  orderId: "a1f5f9e4-c6c8-49f5-8218-3e72d1ad1e22"
  Assets:CurrentAssets:AccountReceivable -4700 HKD
  type: "Invoice Payment"
  sourceId: "7d11c95b-39eb-4190-97f2-944fb9c78101"
  referenceNo: "503"
  orderId: "a1f5f9e4-c6c8-49f5-8218-3e72d1ad1e22"
  contact: "852 93032716 (JACKIE) [2c6ec785-bec4-40f7-b485-6d6e7ae28f28]"
2024-09-19 * "Bill #1120 LGDIAMOND1.50CT"
  referenceNo: "1120"
  orderId: "e1bdb2d4-80f4-43dd-9c35-f4788902a1da"
  type: "Bill"
  Expenses:CostOfSales:Purchase:PurchaseItem:BuyDiamond 250 USD
  category: "Jewelry"
  sku: "LG2401"
  qty: 1
  referenceNo: "1120"
  orderId: "e1bdb2d4-80f4-43dd-9c35-f4788902a1da"
  type: "Bill Item"
  sourceId: "bb623e3d-0717-414f-8d76-ab81e3e24b54"
  Expenses:CostOfSales:Purchase:PurchaseItem:BuyDiamond 250 USD
  category: "Jewelry"
  sku: "LG2402"
  qty: 1
  referenceNo: "1120"
  orderId: "e1bdb2d4-80f4-43dd-9c35-f4788902a1da"
  type: "Bill Item"
  sourceId: "95fa0f3c-00f6-44eb-878f-230ee52b9c6d"
  Liabilities:CurrentLiabilities:AccountPayable
  referenceNo: "1120"
  orderId: "e1bdb2d4-80f4-43dd-9c35-f4788902a1da"
  type: "Bill"
  sourceId: "e1bdb2d4-80f4-43dd-9c35-f4788902a1da"
  contact: "998 12345759 (SHEETAL (FAR EAST) LIMITED) [17bca8d2-1243-4600-a316-2c2f4ee18a74]"
2024-09-19 * "998 12345759 (SHEETAL (FAR EAST) LIMITED) [17bca8d2-1243-4600-a316-2c2f4ee18a74]" "Bill Payment for Bill #1120 #55a290b8-456c-4406-9dcc-be0c921ca5a0"
  contact: "998 12345759 (SHEETAL (FAR EAST) LIMITED) [17bca8d2-1243-4600-a316-2c2f4ee18a74]"
  Liabilities:CurrentLiabilities:AccountPayable 500 USD
  type: "Bill Payment"
  sourceId: "55a290b8-456c-4406-9dcc-be0c921ca5a0"
  referenceNo: "1120"
  orderId: "e1bdb2d4-80f4-43dd-9c35-f4788902a1da"
  Assets:CurrentAssets:Cash:CashInHand -500 USD
  type: "Bill Payment"
  sourceId: "55a290b8-456c-4406-9dcc-be0c921ca5a0"
  referenceNo: "1120"
  orderId: "e1bdb2d4-80f4-43dd-9c35-f4788902a1da"
2024-09-19 * "Invoice #504 STAFF 興哥Stock Gold Jewellery 6.91g"
  Income:Sales:SalesItem:SellGoldJewelry -3400 HKD
  category: "Gold Jewelry"
  sku: "DDFF23051201000000000003"
  qty: 1
  referenceNo: "504"
  orderId: "b0989e12-765a-4ced-b8c9-023112347223"
  type: "Invoice Item"
  sourceId: "2214bbaa-8f28-4cae-96a1-ec5585c0fc72"
  Income:Sales:SalesItem:SellGoldJewelry -4100 HKD
  category: "Gold Jewelry"
  sku: "DDFF23051201000000000004"
  qty: 1
  referenceNo: "504"
  orderId: "b0989e12-765a-4ced-b8c9-023112347223"
  type: "Invoice Item"
  sourceId: "660265b6-ad4d-4ebd-8f6d-4579f09b0cd7"
  Assets:CurrentAssets:AccountReceivable
  referenceNo: "504"
  orderId: "b0989e12-765a-4ced-b8c9-023112347223"
  type: "Invoice"
  sourceId: "b0989e12-765a-4ced-b8c9-023112347223"
  contact: "880 802 (Walk in) [42348712-7daa-4c29-93b7-756b472429a4]"
2024-09-19 * "Assets:CurrentAssets:Cash:CashInHand" "Invoice Payment for Invoice #504 #55126121-321c-4dce-a16b-649e8cd43f24"
  Assets:CurrentAssets:Cash:CashInHand 7500 HKD
  type: "Invoice Payment"
  sourceId: "55126121-321c-4dce-a16b-649e8cd43f24"
  referenceNo: "504"
  orderId: "b0989e12-765a-4ced-b8c9-023112347223"
  Assets:CurrentAssets:AccountReceivable -7500 HKD
  type: "Invoice Payment"
  sourceId: "55126121-321c-4dce-a16b-649e8cd43f24"
  referenceNo: "504"
  orderId: "b0989e12-765a-4ced-b8c9-023112347223"
  contact: "880 802 (Walk in) [42348712-7daa-4c29-93b7-756b472429a4]"
2024-09-21 * "Invoice #505 N24134 WG "
  Income:Sales:SalesItem:Sell18kJewelry -3880 HKD
  category: "Jewelry"
  sku: "DD2024090800000001"
  qty: 1
  referenceNo: "505"
  orderId: "016d7275-080d-46b1-85bd-60ac5bf55d6c"
  type: "Invoice Item"
  sourceId: "3fe60958-f537-42e9-aa00-f5654fc0ade8"
  Assets:CurrentAssets:AccountReceivable
  referenceNo: "505"
  orderId: "016d7275-080d-46b1-85bd-60ac5bf55d6c"
  type: "Invoice"
  sourceId: "016d7275-080d-46b1-85bd-60ac5bf55d6c"
  contact: "852 97055963 (MR CHU ) [411bd8c5-c9d0-49fb-a2bf-8c8b5902cbe7]"
2024-09-21 * "Assets:CurrentAssets:Bank:KpayBank" "Invoice Payment for Invoice #505 #63c031fa-b69a-4e64-a9be-731d72375ceb"
  Assets:CurrentAssets:Bank:KpayBank 3880 HKD
  type: "Invoice Payment"
  sourceId: "63c031fa-b69a-4e64-a9be-731d72375ceb"
  referenceNo: "505"
  orderId: "016d7275-080d-46b1-85bd-60ac5bf55d6c"
  Assets:CurrentAssets:AccountReceivable -3880 HKD
  type: "Invoice Payment"
  sourceId: "63c031fa-b69a-4e64-a9be-731d72375ceb"
  referenceNo: "505"
  orderId: "016d7275-080d-46b1-85bd-60ac5bf55d6c"
  contact: "852 97055963 (MR CHU ) [411bd8c5-c9d0-49fb-a2bf-8c8b5902cbe7]"
2024-09-23 * "Bill #1178 G17 10月2024 租金"
  referenceNo: "1178"
  orderId: "343b408e-cd7d-40ef-b671-966dd2ee5db0"
  type: "Bill"
  Expenses:Rent 48000 HKD
  qty: "1"
  description: "G17 10月2024 租金"
  referenceNo: "1178"
  orderId: "343b408e-cd7d-40ef-b671-966dd2ee5db0"
  type: "Bill Item"
  sourceId: "63632107-ea9e-46a1-ad1f-e9aebaf42602"
  Liabilities:CurrentLiabilities:AccountPayable
  referenceNo: "1178"
  orderId: "343b408e-cd7d-40ef-b671-966dd2ee5db0"
  type: "Bill"
  sourceId: "343b408e-cd7d-40ef-b671-966dd2ee5db0"
  contact: "880 806 () [53b8789a-4451-4a1f-84f7-a9c5da7ada1a]"
2024-09-23 * "880 806 () [53b8789a-4451-4a1f-84f7-a9c5da7ada1a]" "Bill Payment for Bill #1178 #5910b8d3-0d85-4f9c-a6d9-171ddcbafa14"
  contact: "880 806 () [53b8789a-4451-4a1f-84f7-a9c5da7ada1a]"
  Liabilities:CurrentLiabilities:AccountPayable 48000 HKD
  type: "Bill Payment"
  sourceId: "5910b8d3-0d85-4f9c-a6d9-171ddcbafa14"
  referenceNo: "1178"
  orderId: "343b408e-cd7d-40ef-b671-966dd2ee5db0"
  Assets:CurrentAssets:Bank:BocCurrentBank -48000 HKD
  type: "Bill Payment"
  sourceId: "5910b8d3-0d85-4f9c-a6d9-171ddcbafa14"
  referenceNo: "1178"
  orderId: "343b408e-cd7d-40ef-b671-966dd2ee5db0"
2024-09-23 * "Bill #1122 ERIC~補貨/客訂"
  referenceNo: "1122"
  orderId: "882352d6-ce3e-41d5-9885-c535f9755f18"
  type: "Bill"
  Expenses:CostOfSales:Purchase:PurchaseItem:Buy18kJewelry 4600 CNY
  category: "Jewelry"
  sku: "DD2024092400000001"
  qty: 1
  referenceNo: "1122"
  orderId: "882352d6-ce3e-41d5-9885-c535f9755f18"
  type: "Bill Item"
  sourceId: "9c609e52-8fc1-446a-a0bb-b8e00722ddd1"
  Liabilities:CurrentLiabilities:AccountPayable
  referenceNo: "1122"
  orderId: "882352d6-ce3e-41d5-9885-c535f9755f18"
  type: "Bill"
  sourceId: "882352d6-ce3e-41d5-9885-c535f9755f18"
  contact: "86 97978678 (ERIC) [cb2cbf18-d8c3-40eb-a388-d7234ea70615]"
2024-09-24 * "Invoice #506 Stock gold jewellery"
  Income:Sales:SalesItem:SellGoldJewelry -1730 HKD
  category: "Gold Jewelry"
  sku: "DD2310200000000000000126"
  qty: 1
  referenceNo: "506"
  orderId: "9395d064-46bc-4acf-98d5-b1f6ab779069"
  type: "Invoice Item"
  sourceId: "0714508a-47a1-4a32-8251-7225d93f6e83"
  Assets:CurrentAssets:AccountReceivable
  referenceNo: "506"
  orderId: "9395d064-46bc-4acf-98d5-b1f6ab779069"
  type: "Invoice"
  sourceId: "9395d064-46bc-4acf-98d5-b1f6ab779069"
  contact: "880 802 (Walk in) [42348712-7daa-4c29-93b7-756b472429a4]"
2024-09-24 * "Bill #1238 DKK 2024-2025 勞工保險"
  referenceNo: "1238"
  orderId: "b0cac798-c79f-4429-a59e-11b3fe4d77e7"
  type: "Bill"
  Expenses:Insurance 4079.54 HKD
  qty: "1"
  description: "DKK 2024-2025 勞工保險"
  referenceNo: "1238"
  orderId: "b0cac798-c79f-4429-a59e-11b3fe4d77e7"
  type: "Bill Item"
  sourceId: "6467fd03-63cf-450f-a9c2-5202b6e69a80"
  Expenses:BankFeesExpense 5 HKD
  qty: "1"
  description: "BANK FEE "
  referenceNo: "1238"
  orderId: "b0cac798-c79f-4429-a59e-11b3fe4d77e7"
  type: "Bill Item"
  sourceId: "e628a048-1af6-4395-b63d-2b3f522f7a0d"
  Liabilities:CurrentLiabilities:AccountPayable
  referenceNo: "1238"
  orderId: "b0cac798-c79f-4429-a59e-11b3fe4d77e7"
  type: "Bill"
  sourceId: "b0cac798-c79f-4429-a59e-11b3fe4d77e7"
  contact: "880 806 () [53b8789a-4451-4a1f-84f7-a9c5da7ada1a]"
2024-09-24 * "Bill #1176 美泰樂 8月2024 Statement"
  referenceNo: "1176"
  orderId: "e08d007b-339c-4b41-8a80-19ed7d6a3825"
  type: "Bill"
  Expenses:RefiningExpense金 4416.96 USD
  qty: "1"
  description: "美泰樂 8月2024 Statement"
  referenceNo: "1176"
  orderId: "e08d007b-339c-4b41-8a80-19ed7d6a3825"
  type: "Bill Item"
  sourceId: "89f84f1b-46e4-402e-aec6-ba35227a6bff"
  Liabilities:CurrentLiabilities:AccountPayable
  referenceNo: "1176"
  orderId: "e08d007b-339c-4b41-8a80-19ed7d6a3825"
  type: "Bill"
  sourceId: "e08d007b-339c-4b41-8a80-19ed7d6a3825"
  contact: "852 25214131 (Metalor Precious Metals Hong Kong Limited) [15ad8699-ee98-44fa-a02a-90521ca3ff05]"
2024-09-24 * "Bill #1161 DKK 2024-2025 辦公室保險"
  referenceNo: "1161"
  orderId: "5fac65cf-ffd8-4529-a1c5-1b33113b16b0"
  type: "Bill"
  Expenses:Insurance 3003 HKD
  qty: "1"
  description: "DKK 2024-2025 辦公室保險"
  referenceNo: "1161"
  orderId: "5fac65cf-ffd8-4529-a1c5-1b33113b16b0"
  type: "Bill Item"
  sourceId: "1511d53f-f87e-417c-80e2-49e367dfcdfa"
  Expenses:BankFeesExpense 5 HKD
  qty: "1"
  description: "BANK FEE "
  referenceNo: "1161"
  orderId: "5fac65cf-ffd8-4529-a1c5-1b33113b16b0"
  type: "Bill Item"
  sourceId: "24138c4b-3a9e-4d6b-99a2-d1145624a62e"
  Liabilities:CurrentLiabilities:AccountPayable
  referenceNo: "1161"
  orderId: "5fac65cf-ffd8-4529-a1c5-1b33113b16b0"
  type: "Bill"
  sourceId: "5fac65cf-ffd8-4529-a1c5-1b33113b16b0"
  contact: "880 806 () [53b8789a-4451-4a1f-84f7-a9c5da7ada1a]"
2024-09-24 * "880 806 () [53b8789a-4451-4a1f-84f7-a9c5da7ada1a]" "Bill Payment for Bill #1161 #6099c953-96e9-4914-9773-69c0dc208dd3"
  contact: "880 806 () [53b8789a-4451-4a1f-84f7-a9c5da7ada1a]"
  Liabilities:CurrentLiabilities:AccountPayable 5 HKD
  type: "Bill Payment"
  sourceId: "6099c953-96e9-4914-9773-69c0dc208dd3"
  referenceNo: "1161"
  orderId: "5fac65cf-ffd8-4529-a1c5-1b33113b16b0"
  Assets:CurrentAssets:Bank:BocSavingBank -5 HKD
  type: "Bill Payment"
  sourceId: "6099c953-96e9-4914-9773-69c0dc208dd3"
  referenceNo: "1161"
  orderId: "5fac65cf-ffd8-4529-a1c5-1b33113b16b0"
2024-09-24 * "880 806 () [53b8789a-4451-4a1f-84f7-a9c5da7ada1a]" "Bill Payment for Bill #1161 #cda224df-bddf-4b0a-ac59-bdd03c1d86c1"
  contact: "880 806 () [53b8789a-4451-4a1f-84f7-a9c5da7ada1a]"
  Liabilities:CurrentLiabilities:AccountPayable 3003 HKD
  type: "Bill Payment"
  sourceId: "cda224df-bddf-4b0a-ac59-bdd03c1d86c1"
  referenceNo: "1161"
  orderId: "5fac65cf-ffd8-4529-a1c5-1b33113b16b0"
  Assets:CurrentAssets:Bank:BocSavingBank -3003 HKD
  type: "Bill Payment"
  sourceId: "cda224df-bddf-4b0a-ac59-bdd03c1d86c1"
  referenceNo: "1161"
  orderId: "5fac65cf-ffd8-4529-a1c5-1b33113b16b0"
2024-09-24 * "880 806 () [53b8789a-4451-4a1f-84f7-a9c5da7ada1a]" "Bill Payment for Bill #1238 #f8e6f058-3582-40e0-8642-45cc8d47cf2a"
  contact: "880 806 () [53b8789a-4451-4a1f-84f7-a9c5da7ada1a]"
  Liabilities:CurrentLiabilities:AccountPayable 4079.54 HKD
  type: "Bill Payment"
  sourceId: "f8e6f058-3582-40e0-8642-45cc8d47cf2a"
  referenceNo: "1238"
  orderId: "b0cac798-c79f-4429-a59e-11b3fe4d77e7"
  Assets:CurrentAssets:Bank:BocSavingBank -4079.54 HKD
  type: "Bill Payment"
  sourceId: "f8e6f058-3582-40e0-8642-45cc8d47cf2a"
  referenceNo: "1238"
  orderId: "b0cac798-c79f-4429-a59e-11b3fe4d77e7"
2024-09-24 * "880 806 () [53b8789a-4451-4a1f-84f7-a9c5da7ada1a]" "Bill Payment for Bill #1238 #33e926fc-0325-48f1-b143-995469c2d79c"
  contact: "880 806 () [53b8789a-4451-4a1f-84f7-a9c5da7ada1a]"
  Liabilities:CurrentLiabilities:AccountPayable 5 HKD
  type: "Bill Payment"
  sourceId: "33e926fc-0325-48f1-b143-995469c2d79c"
  referenceNo: "1238"
  orderId: "b0cac798-c79f-4429-a59e-11b3fe4d77e7"
  Assets:CurrentAssets:Bank:BocSavingBank -5 HKD
  type: "Bill Payment"
  sourceId: "33e926fc-0325-48f1-b143-995469c2d79c"
  referenceNo: "1238"
  orderId: "b0cac798-c79f-4429-a59e-11b3fe4d77e7"
2024-09-24 * "852 25214131 (Metalor Precious Metals Hong Kong Limited) [15ad8699-ee98-44fa-a02a-90521ca3ff05]" "Bill Payment for Bill #1176 #f8649092-71bf-4e9f-846f-9746a9698a8e"
  contact: "852 25214131 (Metalor Precious Metals Hong Kong Limited) [15ad8699-ee98-44fa-a02a-90521ca3ff05]"
  Liabilities:CurrentLiabilities:AccountPayable 4416.96 USD
  type: "Bill Payment"
  sourceId: "f8649092-71bf-4e9f-846f-9746a9698a8e"
  referenceNo: "1176"
  orderId: "e08d007b-339c-4b41-8a80-19ed7d6a3825"
  Assets:CurrentAssets:Bank:BocCurrentBank -4416.96 USD
  type: "Bill Payment"
  sourceId: "f8649092-71bf-4e9f-846f-9746a9698a8e"
  referenceNo: "1176"
  orderId: "e08d007b-339c-4b41-8a80-19ed7d6a3825"
2024-09-24 * "Assets:CurrentAssets:Bank:KpayBank" "Invoice Payment for Invoice #506 #54c411e0-eb54-49ec-83f8-34946fb25c62"
  Assets:CurrentAssets:Bank:KpayBank 1730 HKD
  type: "Invoice Payment"
  sourceId: "54c411e0-eb54-49ec-83f8-34946fb25c62"
  referenceNo: "506"
  orderId: "9395d064-46bc-4acf-98d5-b1f6ab779069"
  Assets:CurrentAssets:AccountReceivable -1730 HKD
  type: "Invoice Payment"
  sourceId: "54c411e0-eb54-49ec-83f8-34946fb25c62"
  referenceNo: "506"
  orderId: "9395d064-46bc-4acf-98d5-b1f6ab779069"
  contact: "880 802 (Walk in) [42348712-7daa-4c29-93b7-756b472429a4]"
2024-09-24 * "Invoice #507 Order R24128 #14 / R24131 #11.5"
  Income:Sales:SalesItem:Sell18kJewelry -2700 HKD
  category: "Jewelry"
  sku: "DD2024101800000001"
  qty: 1
  referenceNo: "507"
  orderId: "41884ad5-a5b6-4ab1-8925-6c2f074e48a0"
  type: "Invoice Item"
  sourceId: "31ca0247-325f-44fc-bf9b-c8bb3c594ee4"
  Income:Sales:SalesItem:Sell18kJewelry -7000 HKD
  category: "Jewelry"
  sku: "DD2024101300000002"
  qty: 1
  referenceNo: "507"
  orderId: "41884ad5-a5b6-4ab1-8925-6c2f074e48a0"
  type: "Invoice Item"
  sourceId: "c887a33d-d78a-48d0-8620-fdaab172e22a"
  Assets:CurrentAssets:AccountReceivable
  referenceNo: "507"
  orderId: "41884ad5-a5b6-4ab1-8925-6c2f074e48a0"
  type: "Invoice"
  sourceId: "41884ad5-a5b6-4ab1-8925-6c2f074e48a0"
  contact: "852 90826445 (Helen Wong) [097d83dd-0621-487e-a45f-53e60edded07]"
2024-09-24 * "Assets:CurrentAssets:Bank:KpayBank" "Invoice Payment for Invoice #507 #3cf200ac-c24c-4518-a449-3241565a2879"
  Assets:CurrentAssets:Bank:KpayBank 9700 HKD
  type: "Invoice Payment"
  sourceId: "3cf200ac-c24c-4518-a449-3241565a2879"
  referenceNo: "507"
  orderId: "41884ad5-a5b6-4ab1-8925-6c2f074e48a0"
  Assets:CurrentAssets:AccountReceivable -9700 HKD
  type: "Invoice Payment"
  sourceId: "3cf200ac-c24c-4518-a449-3241565a2879"
  referenceNo: "507"
  orderId: "41884ad5-a5b6-4ab1-8925-6c2f074e48a0"
  contact: "852 90826445 (Helen Wong) [097d83dd-0621-487e-a45f-53e60edded07]"
2024-09-24 * "Invoice #508 Stock gold jewellery"
  Income:Sales:SalesItem:SellGoldJewelry -880 HKD
  category: "Gold Jewelry"
  sku: "DD2310200000000000000071"
  qty: 1
  referenceNo: "508"
  orderId: "e39064ed-9fe8-44f4-b47c-d0fb4eae098c"
  type: "Invoice Item"
  sourceId: "4424a4e4-a631-4ffd-8cb4-ec31347684c7"
  Assets:CurrentAssets:AccountReceivable
  referenceNo: "508"
  orderId: "e39064ed-9fe8-44f4-b47c-d0fb4eae098c"
  type: "Invoice"
  sourceId: "e39064ed-9fe8-44f4-b47c-d0fb4eae098c"
  contact: "880 802 (Walk in) [42348712-7daa-4c29-93b7-756b472429a4]"
2024-09-24 * "Assets:CurrentAssets:Bank:KpayBank" "Invoice Payment for Invoice #508 #a14ef73a-84f1-4347-aee3-c7c01227adf2"
  Assets:CurrentAssets:Bank:KpayBank 880 HKD
  type: "Invoice Payment"
  sourceId: "a14ef73a-84f1-4347-aee3-c7c01227adf2"
  referenceNo: "508"
  orderId: "e39064ed-9fe8-44f4-b47c-d0fb4eae098c"
  Assets:CurrentAssets:AccountReceivable -880 HKD
  type: "Invoice Payment"
  sourceId: "a14ef73a-84f1-4347-aee3-c7c01227adf2"
  referenceNo: "508"
  orderId: "e39064ed-9fe8-44f4-b47c-d0fb4eae098c"
  contact: "880 802 (Walk in) [42348712-7daa-4c29-93b7-756b472429a4]"
2024-09-25 * "Bill #1179 09月2024年MPF"
  referenceNo: "1179"
  orderId: "47b0adb0-8877-40d7-a078-5b849291a121"
  type: "Bill"
  Expenses:GeneralExpense:Mpf 7100 HKD
  qty: "1"
  description: " 09月2024年MPF"
  referenceNo: "1179"
  orderId: "47b0adb0-8877-40d7-a078-5b849291a121"
  type: "Bill Item"
  sourceId: "8a943a64-0f5c-4391-8b42-d02749e69064"
  Liabilities:CurrentLiabilities:AccountPayable
  referenceNo: "1179"
  orderId: "47b0adb0-8877-40d7-a078-5b849291a121"
  type: "Bill"
  sourceId: "47b0adb0-8877-40d7-a078-5b849291a121"
  contact: "880 806 () [53b8789a-4451-4a1f-84f7-a9c5da7ada1a]"
2024-09-25 * "Bill #1386 淘寶雜類 (24年9月) (paid by visa)"
  referenceNo: "1386"
  orderId: "aaa0cf9b-3ff0-4f89-939a-96200dd21a95"
  type: "Bill"
  Expenses:Subscriptions 158.98 HKD
  qty: "1"
  description: "VERCEL INC. USD 20 (22 Sep 2024)"
  referenceNo: "1386"
  orderId: "aaa0cf9b-3ff0-4f89-939a-96200dd21a95"
  type: "Bill Item"
  sourceId: "d648f861-f660-40ca-832b-658e7626481e"
  Expenses:Subscriptions 78 HKD
  qty: "1"
  description: "Microsoft*Microsoft (26 Aug 2024)"
  referenceNo: "1386"
  orderId: "aaa0cf9b-3ff0-4f89-939a-96200dd21a95"
  type: "Bill Item"
  sourceId: "f15a6fd0-4d67-4de4-8b65-b98649d74d3e"
  Expenses:LegalAndProfessionalFee 9830 HKD
  qty: "1"
  description: "楠楠 工作簽証"
  referenceNo: "1386"
  orderId: "aaa0cf9b-3ff0-4f89-939a-96200dd21a95"
  type: "Bill Item"
  sourceId: "fb7c6d83-5843-427f-bfe8-e923b67bd6d6"
  Liabilities:CurrentLiabilities:CurrentAccount:C-a-MilwaysGoldLimited 63500.36 HKD
  qty: "1"
  description: "417裝修物資 淘寶"
  referenceNo: "1386"
  orderId: "aaa0cf9b-3ff0-4f89-939a-96200dd21a95"
  type: "Bill Item"
  sourceId: "a41b5e09-349d-43ad-aecd-50d03b5a7512"
  Expenses:OfficeExpenses 812.54 HKD
  qty: "1"
  description: "淘寶雜類 09/2024"
  referenceNo: "1386"
  orderId: "aaa0cf9b-3ff0-4f89-939a-96200dd21a95"
  type: "Bill Item"
  sourceId: "6c0f1e8e-e601-4a28-b1c3-961868382aa1"
  Liabilities:CurrentLiabilities:AccountPayable
  referenceNo: "1386"
  orderId: "aaa0cf9b-3ff0-4f89-939a-96200dd21a95"
  type: "Bill"
  sourceId: "aaa0cf9b-3ff0-4f89-939a-96200dd21a95"
  contact: "880 806 () [53b8789a-4451-4a1f-84f7-a9c5da7ada1a]"
2024-09-25 * "Bill #1182 BOC VISA Card - Sam 9月 STATEMENT"
  referenceNo: "1182"
  orderId: "49d8a972-fe3a-42d0-9f31-c89b9e442227"
  type: "Bill"
  Expenses:Subscriptions 781.7 HKD
  qty: "1"
  description: "GS1 (13-9-2024 EUR 89)"
  referenceNo: "1182"
  orderId: "49d8a972-fe3a-42d0-9f31-c89b9e442227"
  type: "Bill Item"
  sourceId: "0095f0a8-c257-4e39-ab6a-7f5b12d783cd"
  Liabilities:CurrentLiabilities:AccountPayable
  referenceNo: "1182"
  orderId: "49d8a972-fe3a-42d0-9f31-c89b9e442227"
  type: "Bill"
  sourceId: "49d8a972-fe3a-42d0-9f31-c89b9e442227"
  contact: "880 806 () [53b8789a-4451-4a1f-84f7-a9c5da7ada1a]"
2024-09-25 * "880 806 () [53b8789a-4451-4a1f-84f7-a9c5da7ada1a]" "Bill Payment for Bill #1386 #155ff74e-511d-49d9-af2d-1330b1f7451f"
  contact: "880 806 () [53b8789a-4451-4a1f-84f7-a9c5da7ada1a]"
  Liabilities:CurrentLiabilities:AccountPayable 78 HKD
  type: "Bill Payment"
  sourceId: "155ff74e-511d-49d9-af2d-1330b1f7451f"
  referenceNo: "1386"
  orderId: "aaa0cf9b-3ff0-4f89-939a-96200dd21a95"
  Assets:CurrentAssets:Bank:BocVisaCard-DavidBank -78 HKD
  type: "Bill Payment"
  sourceId: "155ff74e-511d-49d9-af2d-1330b1f7451f"
  referenceNo: "1386"
  orderId: "aaa0cf9b-3ff0-4f89-939a-96200dd21a95"
2024-09-25 * "880 806 () [53b8789a-4451-4a1f-84f7-a9c5da7ada1a]" "Bill Payment for Bill #1386 #35869b1f-94b5-49c2-b3ec-b81aa0613683"
  contact: "880 806 () [53b8789a-4451-4a1f-84f7-a9c5da7ada1a]"
  Liabilities:CurrentLiabilities:AccountPayable 9830 HKD
  type: "Bill Payment"
  sourceId: "35869b1f-94b5-49c2-b3ec-b81aa0613683"
  referenceNo: "1386"
  orderId: "aaa0cf9b-3ff0-4f89-939a-96200dd21a95"
  Assets:CurrentAssets:Bank:BocVisaCard-DavidBank -9830 HKD
  type: "Bill Payment"
  sourceId: "35869b1f-94b5-49c2-b3ec-b81aa0613683"
  referenceNo: "1386"
  orderId: "aaa0cf9b-3ff0-4f89-939a-96200dd21a95"
2024-09-25 * "880 806 () [53b8789a-4451-4a1f-84f7-a9c5da7ada1a]" "Bill Payment for Bill #1386 #7e340972-f3a3-4790-a336-513ae21813f0"
  contact: "880 806 () [53b8789a-4451-4a1f-84f7-a9c5da7ada1a]"
  Liabilities:CurrentLiabilities:AccountPayable 158.98 HKD
  type: "Bill Payment"
  sourceId: "7e340972-f3a3-4790-a336-513ae21813f0"
  referenceNo: "1386"
  orderId: "aaa0cf9b-3ff0-4f89-939a-96200dd21a95"
  Assets:CurrentAssets:Bank:BocVisaCard-DavidBank -158.98 HKD
  type: "Bill Payment"
  sourceId: "7e340972-f3a3-4790-a336-513ae21813f0"
  referenceNo: "1386"
  orderId: "aaa0cf9b-3ff0-4f89-939a-96200dd21a95"
2024-09-25 * "880 806 () [53b8789a-4451-4a1f-84f7-a9c5da7ada1a]" "Bill Payment for Bill #1386 #b832c80c-a812-4731-ba48-da8985ed6559"
  contact: "880 806 () [53b8789a-4451-4a1f-84f7-a9c5da7ada1a]"
  Liabilities:CurrentLiabilities:AccountPayable 812.54 HKD
  type: "Bill Payment"
  sourceId: "b832c80c-a812-4731-ba48-da8985ed6559"
  referenceNo: "1386"
  orderId: "aaa0cf9b-3ff0-4f89-939a-96200dd21a95"
  Assets:CurrentAssets:Bank:BocVisaCard-DavidBank -812.54 HKD
  type: "Bill Payment"
  sourceId: "b832c80c-a812-4731-ba48-da8985ed6559"
  referenceNo: "1386"
  orderId: "aaa0cf9b-3ff0-4f89-939a-96200dd21a95"
2024-09-25 * "880 806 () [53b8789a-4451-4a1f-84f7-a9c5da7ada1a]" "Bill Payment for Bill #1182 #6a035a8d-876b-4216-b58b-c4cada231ec9"
  contact: "880 806 () [53b8789a-4451-4a1f-84f7-a9c5da7ada1a]"
  Liabilities:CurrentLiabilities:AccountPayable 781.7 HKD
  type: "Bill Payment"
  sourceId: "6a035a8d-876b-4216-b58b-c4cada231ec9"
  referenceNo: "1182"
  orderId: "49d8a972-fe3a-42d0-9f31-c89b9e442227"
  Assets:CurrentAssets:Bank:BocVisaCard-SamBank -781.7 HKD
  type: "Bill Payment"
  sourceId: "6a035a8d-876b-4216-b58b-c4cada231ec9"
  referenceNo: "1182"
  orderId: "49d8a972-fe3a-42d0-9f31-c89b9e442227"
2024-09-25 * "880 806 () [53b8789a-4451-4a1f-84f7-a9c5da7ada1a]" "Bill Payment for Bill #1179 #92d6eb9b-c15e-4d91-a2fa-0c0b64cec2ed"
  contact: "880 806 () [53b8789a-4451-4a1f-84f7-a9c5da7ada1a]"
  Liabilities:CurrentLiabilities:AccountPayable 7100 HKD
  type: "Bill Payment"
  sourceId: "92d6eb9b-c15e-4d91-a2fa-0c0b64cec2ed"
  referenceNo: "1179"
  orderId: "47b0adb0-8877-40d7-a078-5b849291a121"
  Assets:CurrentAssets:Bank:BocCurrentBank -7100 HKD
  type: "Bill Payment"
  sourceId: "92d6eb9b-c15e-4d91-a2fa-0c0b64cec2ed"
  referenceNo: "1179"
  orderId: "47b0adb0-8877-40d7-a078-5b849291a121"
2024-09-25 * "880 806 () [53b8789a-4451-4a1f-84f7-a9c5da7ada1a]" "Bill Payment for Bill #1386 #1a3ae039-ca7c-4f5e-bc3f-82242ad9e462"
  contact: "880 806 () [53b8789a-4451-4a1f-84f7-a9c5da7ada1a]"
  Liabilities:CurrentLiabilities:AccountPayable 63500.36 HKD
  type: "Bill Payment"
  sourceId: "1a3ae039-ca7c-4f5e-bc3f-82242ad9e462"
  referenceNo: "1386"
  orderId: "aaa0cf9b-3ff0-4f89-939a-96200dd21a95"
  Assets:CurrentAssets:Bank:BocVisaCard-DavidBank -63500.36 HKD
  type: "Bill Payment"
  sourceId: "1a3ae039-ca7c-4f5e-bc3f-82242ad9e462"
  referenceNo: "1386"
  orderId: "aaa0cf9b-3ff0-4f89-939a-96200dd21a95"
2024-09-27 * "Invoice #580 Winnie 轉回給公司"
  Expenses:WagesAndSalaries -13300 HKD
  description: "Winnie 轉回給公司 
(Cherry 13300轉錯了給Winnie, Winnie 轉回給公司)"
  qty: 1
  referenceNo: "580"
  orderId: "5117981f-a992-4264-ae10-2efaa91a0bcb"
  type: "Invoice Item"
  sourceId: "2f85c06d-8afe-4bd1-a4b9-42cd991add47"
  Assets:CurrentAssets:AccountReceivable
  referenceNo: "580"
  orderId: "5117981f-a992-4264-ae10-2efaa91a0bcb"
  type: "Invoice"
  sourceId: "5117981f-a992-4264-ae10-2efaa91a0bcb"
  contact: "880 806 () [53b8789a-4451-4a1f-84f7-a9c5da7ada1a]"
2024-09-27 * "Bill #1163 AE Credit Card payment (24年09月)"
  referenceNo: "1163"
  orderId: "12509adb-84a3-422f-8bc7-bcfc2452bb2a"
  type: "Bill"
  Expenses:OfficeExpenses 10855.78 HKD
  qty: "1"
  description: "AE Credit Card payment (24年09月)"
  referenceNo: "1163"
  orderId: "12509adb-84a3-422f-8bc7-bcfc2452bb2a"
  type: "Bill Item"
  sourceId: "b1301452-657f-49ff-88a4-c34a9baaa3f3"
  Liabilities:CurrentLiabilities:AccountPayable
  referenceNo: "1163"
  orderId: "12509adb-84a3-422f-8bc7-bcfc2452bb2a"
  type: "Bill"
  sourceId: "12509adb-84a3-422f-8bc7-bcfc2452bb2a"
  contact: "880 806 () [53b8789a-4451-4a1f-84f7-a9c5da7ada1a]"
2024-09-27 * "Bill #1164 Cherry 09/24 salary"
  referenceNo: "1164"
  orderId: "9a0d21a1-482a-4295-a6b8-5a5d1784607a"
  type: "Bill"
  Expenses:WagesAndSalaries 13300 HKD
  qty: "1"
  description: "Cherry 09/24 salary 
(Cherry 13300轉錯了給Winnie, 稍後待Winnie 轉回給公司)"
  referenceNo: "1164"
  orderId: "9a0d21a1-482a-4295-a6b8-5a5d1784607a"
  type: "Bill Item"
  sourceId: "48d9ece6-199c-41a0-8ca7-a12986cd1463"
  Liabilities:CurrentLiabilities:AccountPayable
  referenceNo: "1164"
  orderId: "9a0d21a1-482a-4295-a6b8-5a5d1784607a"
  type: "Bill"
  sourceId: "9a0d21a1-482a-4295-a6b8-5a5d1784607a"
  contact: "880 806 () [53b8789a-4451-4a1f-84f7-a9c5da7ada1a]"
2024-09-27 * "Bill #1162 SALARY 24年9月"
  referenceNo: "1162"
  orderId: "7d10d00c-2f18-41b5-8fee-402bb049b223"
  type: "Bill"
  Expenses:BankFeesExpense 2.4 HKD
  qty: "1"
  description: "BANK FEE "
  referenceNo: "1162"
  orderId: "7d10d00c-2f18-41b5-8fee-402bb049b223"
  type: "Bill Item"
  sourceId: "cf9f7722-5ea0-46ca-865a-4a875a5c2011"
  Expenses:WagesAndSalaries 67450 HKD
  qty: "1"
  description: "SALARY 24年9月"
  referenceNo: "1162"
  orderId: "7d10d00c-2f18-41b5-8fee-402bb049b223"
  type: "Bill Item"
  sourceId: "b977ebc0-40ba-46e5-9701-54eb3ea208af"
  Liabilities:CurrentLiabilities:AccountPayable
  referenceNo: "1162"
  orderId: "7d10d00c-2f18-41b5-8fee-402bb049b223"
  type: "Bill"
  sourceId: "7d10d00c-2f18-41b5-8fee-402bb049b223"
  contact: "880 806 () [53b8789a-4451-4a1f-84f7-a9c5da7ada1a]"
2024-09-27 * "Assets:CurrentAssets:Bank:BocSavingBank" "Invoice Payment for Invoice #580 #5d1c23ef-40e7-4604-bd19-ffe01e1443af"
  Assets:CurrentAssets:Bank:BocSavingBank 13300 HKD
  type: "Invoice Payment"
  sourceId: "5d1c23ef-40e7-4604-bd19-ffe01e1443af"
  referenceNo: "580"
  orderId: "5117981f-a992-4264-ae10-2efaa91a0bcb"
  Assets:CurrentAssets:AccountReceivable -13300 HKD
  type: "Invoice Payment"
  sourceId: "5d1c23ef-40e7-4604-bd19-ffe01e1443af"
  referenceNo: "580"
  orderId: "5117981f-a992-4264-ae10-2efaa91a0bcb"
  contact: "880 806 () [53b8789a-4451-4a1f-84f7-a9c5da7ada1a]"
2024-09-27 * "880 806 () [53b8789a-4451-4a1f-84f7-a9c5da7ada1a]" "Bill Payment for Bill #1163 #5c0f1f1d-af69-4ba7-ab6a-d852615e7564"
  contact: "880 806 () [53b8789a-4451-4a1f-84f7-a9c5da7ada1a]"
  Liabilities:CurrentLiabilities:AccountPayable 10855.78 HKD
  type: "Bill Payment"
  sourceId: "5c0f1f1d-af69-4ba7-ab6a-d852615e7564"
  referenceNo: "1163"
  orderId: "12509adb-84a3-422f-8bc7-bcfc2452bb2a"
  Assets:CurrentAssets:Bank:BocSavingBank -10855.78 HKD
  type: "Bill Payment"
  sourceId: "5c0f1f1d-af69-4ba7-ab6a-d852615e7564"
  referenceNo: "1163"
  orderId: "12509adb-84a3-422f-8bc7-bcfc2452bb2a"
2024-09-27 * "880 806 () [53b8789a-4451-4a1f-84f7-a9c5da7ada1a]" "Bill Payment for Bill #1164 #3ed2e3c5-409d-41e3-a05b-559a501fba08"
  contact: "880 806 () [53b8789a-4451-4a1f-84f7-a9c5da7ada1a]"
  Liabilities:CurrentLiabilities:AccountPayable 13300 HKD
  type: "Bill Payment"
  sourceId: "3ed2e3c5-409d-41e3-a05b-559a501fba08"
  referenceNo: "1164"
  orderId: "9a0d21a1-482a-4295-a6b8-5a5d1784607a"
  Assets:CurrentAssets:Bank:BocSavingBank -13300 HKD
  type: "Bill Payment"
  sourceId: "3ed2e3c5-409d-41e3-a05b-559a501fba08"
  referenceNo: "1164"
  orderId: "9a0d21a1-482a-4295-a6b8-5a5d1784607a"
2024-09-27 * "880 806 () [53b8789a-4451-4a1f-84f7-a9c5da7ada1a]" "Bill Payment for Bill #1162 #ea7da3d3-43b1-4710-aae2-dc2fd2cf9783"
  contact: "880 806 () [53b8789a-4451-4a1f-84f7-a9c5da7ada1a]"
  Liabilities:CurrentLiabilities:AccountPayable 2.4 HKD
  type: "Bill Payment"
  sourceId: "ea7da3d3-43b1-4710-aae2-dc2fd2cf9783"
  referenceNo: "1162"
  orderId: "7d10d00c-2f18-41b5-8fee-402bb049b223"
  Assets:CurrentAssets:Bank:BocSavingBank -2.4 HKD
  type: "Bill Payment"
  sourceId: "ea7da3d3-43b1-4710-aae2-dc2fd2cf9783"
  referenceNo: "1162"
  orderId: "7d10d00c-2f18-41b5-8fee-402bb049b223"
2024-09-27 * "880 806 () [53b8789a-4451-4a1f-84f7-a9c5da7ada1a]" "Bill Payment for Bill #1162 #9a2fd7a0-0e77-4e9a-babf-1465affb4c98"
  contact: "880 806 () [53b8789a-4451-4a1f-84f7-a9c5da7ada1a]"
  Liabilities:CurrentLiabilities:AccountPayable 67450 HKD
  type: "Bill Payment"
  sourceId: "9a2fd7a0-0e77-4e9a-babf-1465affb4c98"
  referenceNo: "1162"
  orderId: "7d10d00c-2f18-41b5-8fee-402bb049b223"
  Assets:CurrentAssets:Bank:BocSavingBank -67450 HKD
  type: "Bill Payment"
  sourceId: "9a2fd7a0-0e77-4e9a-babf-1465affb4c98"
  referenceNo: "1162"
  orderId: "7d10d00c-2f18-41b5-8fee-402bb049b223"
2024-09-28 * "Invoice #509 Stock Gold Jewellery"
  Income:Sales:SalesItem:SellGoldJewelry -7357 HKD
  category: "Gold Jewelry"
  sku: "DDFF23051204000000000016"
  qty: 1
  referenceNo: "509"
  orderId: "2339a096-8ddf-4c20-b29c-79c29dc6ce3b"
  type: "Invoice Item"
  sourceId: "d0551818-544f-4321-9002-84472ef83e84"
  Assets:CurrentAssets:AccountReceivable
  referenceNo: "509"
  orderId: "2339a096-8ddf-4c20-b29c-79c29dc6ce3b"
  type: "Invoice"
  sourceId: "2339a096-8ddf-4c20-b29c-79c29dc6ce3b"
  contact: "880 802 (Walk in) [42348712-7daa-4c29-93b7-756b472429a4]"
2024-09-28 * "Assets:CurrentAssets:Bank:KpayBank" "Invoice Payment for Invoice #509 #899f7af2-3bbb-466e-9947-1a39fa23e74e"
  Assets:CurrentAssets:Bank:KpayBank 7357 HKD
  type: "Invoice Payment"
  sourceId: "899f7af2-3bbb-466e-9947-1a39fa23e74e"
  referenceNo: "509"
  orderId: "2339a096-8ddf-4c20-b29c-79c29dc6ce3b"
  Assets:CurrentAssets:AccountReceivable -7357 HKD
  type: "Invoice Payment"
  sourceId: "899f7af2-3bbb-466e-9947-1a39fa23e74e"
  referenceNo: "509"
  orderId: "2339a096-8ddf-4c20-b29c-79c29dc6ce3b"
  contact: "880 802 (Walk in) [42348712-7daa-4c29-93b7-756b472429a4]"
2024-09-28 * "Invoice #510 Stock Gold Jewellery 5.03g"
  Income:Sales:SalesItem:SellGoldJewelry -3620 HKD
  category: "Gold Jewelry"
  sku: "DDFF23051704000000000003"
  qty: 1
  referenceNo: "510"
  orderId: "3907c4dd-b33e-429e-aa68-e19384bb78a7"
  type: "Invoice Item"
  sourceId: "a6b9b77a-8f31-47b6-8048-a839d3b9af88"
  Assets:CurrentAssets:AccountReceivable
  referenceNo: "510"
  orderId: "3907c4dd-b33e-429e-aa68-e19384bb78a7"
  type: "Invoice"
  sourceId: "3907c4dd-b33e-429e-aa68-e19384bb78a7"
  contact: "880 802 (Walk in) [42348712-7daa-4c29-93b7-756b472429a4]"
2024-09-28 * "Assets:CurrentAssets:Bank:KpayBank" "Invoice Payment for Invoice #510 #42fd2790-a81f-4d9f-901a-1f0eaa47d5a4"
  Assets:CurrentAssets:Bank:KpayBank 3620 HKD
  type: "Invoice Payment"
  sourceId: "42fd2790-a81f-4d9f-901a-1f0eaa47d5a4"
  referenceNo: "510"
  orderId: "3907c4dd-b33e-429e-aa68-e19384bb78a7"
  Assets:CurrentAssets:AccountReceivable -3620 HKD
  type: "Invoice Payment"
  sourceId: "42fd2790-a81f-4d9f-901a-1f0eaa47d5a4"
  referenceNo: "510"
  orderId: "3907c4dd-b33e-429e-aa68-e19384bb78a7"
  contact: "880 802 (Walk in) [42348712-7daa-4c29-93b7-756b472429a4]"
2024-09-30 * "Invoice #626 Assist MW in hedging used Icmarket acc 2024-09"
  Income:OtherIncome:AssistHedging金 -60709.36 USDT
  description: "Assist MW in hedging used Icmarket acc 2024.0901-0911"
  qty: 1
  referenceNo: "626"
  orderId: "4d9696c7-935c-4552-a67b-04939c0907b2"
  type: "Invoice Item"
  sourceId: "bf9efbfe-1ce3-4ad8-baaa-823f7918621e"
  Assets:CurrentAssets:AccountReceivable
  referenceNo: "626"
  orderId: "4d9696c7-935c-4552-a67b-04939c0907b2"
  type: "Invoice"
  sourceId: "4d9696c7-935c-4552-a67b-04939c0907b2"
  contact: "852 62244422 (Milways Gold Ltd 萬寶黄金有限公司) [2dcfeea3-ab5e-40a3-a0af-00101f3873fa]"
2024-09-30 * "Invoice #602 Rebate From ICmarket 09-10至09-18"
  Income:OtherIncome:RebateFromLp -15.49 USDT
  description: "Manual (Back office) 09-10至09-18"
  qty: 1
  referenceNo: "602"
  orderId: "2b0af2dd-0b89-4b9e-a8ee-7f657c0e2081"
  type: "Invoice Item"
  sourceId: "6d71d47d-00c8-4a3b-b772-4e3680db370a"
  Assets:CurrentAssets:AccountReceivable
  referenceNo: "602"
  orderId: "2b0af2dd-0b89-4b9e-a8ee-7f657c0e2081"
  type: "Invoice"
  sourceId: "2b0af2dd-0b89-4b9e-a8ee-7f657c0e2081"
  contact: "852 666666 (icmarket) [666112b8-2856-4ed8-8370-eb4b911be7b5]"
2024-09-30 * "Invoice #581 INTEREST"
  Income:OtherIncome:Interest-bank -218.21 HKD
  description: "
INTEREST"
  qty: 1
  referenceNo: "581"
  orderId: "29135947-63d2-42f7-a53c-e4902c8ac1cd"
  type: "Invoice Item"
  sourceId: "9b696f3a-d31d-44e9-adaf-d2b48a4c1c5a"
  Assets:CurrentAssets:AccountReceivable
  referenceNo: "581"
  orderId: "29135947-63d2-42f7-a53c-e4902c8ac1cd"
  type: "Invoice"
  sourceId: "29135947-63d2-42f7-a53c-e4902c8ac1cd"
  contact: "880 806 () [53b8789a-4451-4a1f-84f7-a9c5da7ada1a]"
2024-09-30 * "Invoice #600 Rebate From ICmarket 2024-09"
  Income:OtherIncome:RebateFromLp -303.72 USDT
  description: "Manual (Back office) 09-01至09-12"
  qty: 1
  referenceNo: "600"
  orderId: "285e23da-2a60-44ef-b146-0bcfd12e3d96"
  type: "Invoice Item"
  sourceId: "83f2c31a-2054-4879-b539-2e602613b9ef"
  Assets:CurrentAssets:AccountReceivable
  referenceNo: "600"
  orderId: "285e23da-2a60-44ef-b146-0bcfd12e3d96"
  type: "Invoice"
  sourceId: "285e23da-2a60-44ef-b146-0bcfd12e3d96"
  contact: "852 666666 (icmarket) [666112b8-2856-4ed8-8370-eb4b911be7b5]"
2024-09-30 * "Invoice #627 Assist MW in hedging used Icmarket acc 2024-09"
  Income:OtherIncome:AssistHedging金 -281925.55 USDT
  description: "Assist MW in hedging used Icmarket acc 2024.0912-0930"
  qty: 1
  referenceNo: "627"
  orderId: "2437c11d-3a39-4662-8abd-6c2e644a3fd4"
  type: "Invoice Item"
  sourceId: "48e1c006-60d8-4d04-810e-d26504534e44"
  Assets:CurrentAssets:AccountReceivable
  referenceNo: "627"
  orderId: "2437c11d-3a39-4662-8abd-6c2e644a3fd4"
  type: "Invoice"
  sourceId: "2437c11d-3a39-4662-8abd-6c2e644a3fd4"
  contact: "852 62244422 (Milways Gold Ltd 萬寶黄金有限公司) [2dcfeea3-ab5e-40a3-a0af-00101f3873fa]"
2024-09-30 * "Invoice #594 Rebate From ICmarket 2024-09"
  Income:OtherIncome:RebateFromLp -287.36 USDT
  description: "Manual (Back office) 20240911至20240928"
  qty: 1
  referenceNo: "594"
  orderId: "1aa910f8-67ae-4274-a984-8d284c00ca6b"
  type: "Invoice Item"
  sourceId: "46231bac-f80c-4ab4-b7a2-35dab4b4d2ca"
  Assets:CurrentAssets:AccountReceivable
  referenceNo: "594"
  orderId: "1aa910f8-67ae-4274-a984-8d284c00ca6b"
  type: "Invoice"
  sourceId: "1aa910f8-67ae-4274-a984-8d284c00ca6b"
  contact: "852 666666 (icmarket) [666112b8-2856-4ed8-8370-eb4b911be7b5]"
2024-09-30 * "Bill #1189 Cost of Hedging (金) 2024-09"
  referenceNo: "1189"
  orderId: "9588880b-6821-45f7-8076-59a39115bdcd"
  type: "Bill"
  Expenses:CostOfHedging金 60709.36 USDT
  qty: "1"
  description: "Closed Trade P/L 2024-09"
  referenceNo: "1189"
  orderId: "9588880b-6821-45f7-8076-59a39115bdcd"
  type: "Bill Item"
  sourceId: "35076e47-0aed-4c94-9248-50dc5c16717a"
  Liabilities:CurrentLiabilities:AccountPayable
  referenceNo: "1189"
  orderId: "9588880b-6821-45f7-8076-59a39115bdcd"
  type: "Bill"
  sourceId: "9588880b-6821-45f7-8076-59a39115bdcd"
  contact: "852 666666 (icmarket) [666112b8-2856-4ed8-8370-eb4b911be7b5]"
2024-09-30 * "Bill #1186 Cost of Hedging 2024-09"
  referenceNo: "1186"
  orderId: "722e91d1-3ac2-4fdc-92ae-377b58dee1cd"
  type: "Bill"
  Expenses:CostOfHedging金 281925.55 USDT
  qty: "1"
  description: "Closed Trade P/L 09-11至09-28"
  referenceNo: "1186"
  orderId: "722e91d1-3ac2-4fdc-92ae-377b58dee1cd"
  type: "Bill Item"
  sourceId: "65e8fa3a-9035-445e-bceb-99f282693800"
  Liabilities:CurrentLiabilities:AccountPayable
  referenceNo: "1186"
  orderId: "722e91d1-3ac2-4fdc-92ae-377b58dee1cd"
  type: "Bill"
  sourceId: "722e91d1-3ac2-4fdc-92ae-377b58dee1cd"
  contact: "852 666666 (icmarket) [666112b8-2856-4ed8-8370-eb4b911be7b5]"
2024-09-30 * "Bill #1191 Lost of Invest-MT57170667-2024-09-12至09-19"
  referenceNo: "1191"
  orderId: "be465fcf-0444-47f3-9a6e-862fe72493c6"
  type: "Bill"
  Expenses:LostOfInvestment 589.65 USDT
  qty: "1"
  description: "Closed Trade P/L 09-12至09-19"
  referenceNo: "1191"
  orderId: "be465fcf-0444-47f3-9a6e-862fe72493c6"
  type: "Bill Item"
  sourceId: "6e40483e-9730-40d3-af10-45add6d817a1"
  Liabilities:CurrentLiabilities:AccountPayable
  referenceNo: "1191"
  orderId: "be465fcf-0444-47f3-9a6e-862fe72493c6"
  type: "Bill"
  sourceId: "be465fcf-0444-47f3-9a6e-862fe72493c6"
  contact: "852 666666 (icmarket) [666112b8-2856-4ed8-8370-eb4b911be7b5]"
2024-09-30 * "Bill #1143 G17上網(2024-9月)"
  referenceNo: "1143"
  orderId: "7f485484-a705-4124-b0af-399585acac84"
  type: "Bill"
  Expenses:TelephoneAndInternetAndAlarm 338 HKD
  qty: "1"
  description: "G17上網(2024-9月)"
  referenceNo: "1143"
  orderId: "7f485484-a705-4124-b0af-399585acac84"
  type: "Bill Item"
  sourceId: "86bb9d1e-f002-4303-902e-855c28d2f3a8"
  Liabilities:CurrentLiabilities:AccountPayable
  referenceNo: "1143"
  orderId: "7f485484-a705-4124-b0af-399585acac84"
  type: "Bill"
  sourceId: "7f485484-a705-4124-b0af-399585acac84"
  contact: "880 806 () [53b8789a-4451-4a1f-84f7-a9c5da7ada1a]"
2024-09-30 * "Bill #1209 Kpay 09/24 手續費"
  referenceNo: "1209"
  orderId: "278ce58c-0231-46bd-9539-bca749bd3def"
  type: "Bill"
  Expenses:CardFeeExpense 19.75 HKD
  qty: "1"
  description: "kpay155 (1250-1230.25=19.75)"
  referenceNo: "1209"
  orderId: "278ce58c-0231-46bd-9539-bca749bd3def"
  type: "Bill Item"
  sourceId: "4abe7468-b550-4b87-9fb2-84015287ab19"
  Expenses:CardFeeExpense 37.75 HKD
  qty: "1"
  description: " kpay158 (2450-2,412.25=37.75)"
  referenceNo: "1209"
  orderId: "278ce58c-0231-46bd-9539-bca749bd3def"
  type: "Bill Item"
  sourceId: "608f86fb-1028-41f8-860c-bb6cb9191c56"
  Expenses:CardFeeExpense 32.2 HKD
  qty: "1"
  description: " kpay157 (2600-2,567.80=32.2)"
  referenceNo: "1209"
  orderId: "278ce58c-0231-46bd-9539-bca749bd3def"
  type: "Bill Item"
  sourceId: "faef24de-956b-485c-b28a-8e485be71b96"
  Expenses:CardFeeExpense 106 HKD
  qty: "1"
  description: "kpay 151 (7000-6894=106)  08/24手續費"
  referenceNo: "1209"
  orderId: "278ce58c-0231-46bd-9539-bca749bd3def"
  type: "Bill Item"
  sourceId: "82a4065a-e3af-411b-a085-631145de95bd"
  Expenses:CardFeeExpense 88 HKD
  qty: "1"
  description: "kpay 152 (5800-5712=88)  08/24手續費"
  referenceNo: "1209"
  orderId: "278ce58c-0231-46bd-9539-bca749bd3def"
  type: "Bill Item"
  sourceId: "a08b334b-898b-45e8-a818-e854c9bc9078"
  Expenses:CardFeeExpense 177.82 HKD
  qty: "1"
  description: "kpay161 (12310-12132.18=177.82)"
  referenceNo: "1209"
  orderId: "278ce58c-0231-46bd-9539-bca749bd3def"
  type: "Bill Item"
  sourceId: "eef9d722-6ecf-4a46-86a9-593775cdc0ad"
  Expenses:CardFeeExpense 59.2 HKD
  qty: "1"
  description: "kpay160 (3880-3,820.80=59.2)"
  referenceNo: "1209"
  orderId: "278ce58c-0231-46bd-9539-bca749bd3def"
  type: "Bill Item"
  sourceId: "c485dcd3-e903-4933-b6a7-5c49c60a176b"
  Expenses:CardFeeExpense 398.5 HKD
  qty: "1"
  description: "kpay159 (26500- 26101.50=398.5)"
  referenceNo: "1209"
  orderId: "278ce58c-0231-46bd-9539-bca749bd3def"
  type: "Bill Item"
  sourceId: "f3f600cf-9636-4ca9-a248-fa9c43706a65"
  Expenses:CardFeeExpense 43 HKD
  qty: "1"
  description: "kpay156 (2800-2757=43)"
  referenceNo: "1209"
  orderId: "278ce58c-0231-46bd-9539-bca749bd3def"
  type: "Bill Item"
  sourceId: "86231774-2501-46cd-aab2-06f242286076"
  Expenses:CardFeeExpense 100 HKD
  qty: "1"
  description: "kpay154 (6600-6500=100)"
  referenceNo: "1209"
  orderId: "278ce58c-0231-46bd-9539-bca749bd3def"
  type: "Bill Item"
  sourceId: "95a9e898-26fa-4edf-b05d-34954725b5c8"
  Expenses:CardFeeExpense 36.76 HKD
  qty: "1"
  description: "kpay153 (2980-2943.24=36.76)"
  referenceNo: "1209"
  orderId: "278ce58c-0231-46bd-9539-bca749bd3def"
  type: "Bill Item"
  sourceId: "db8ef07b-dc9b-433a-9756-78f3b930a6d6"
  Liabilities:CurrentLiabilities:AccountPayable
  referenceNo: "1209"
  orderId: "278ce58c-0231-46bd-9539-bca749bd3def"
  type: "Bill"
  sourceId: "278ce58c-0231-46bd-9539-bca749bd3def"
  contact: "998 12345821 (KPAY) [5a706f32-7edc-48d8-ae47-62fee1e8bba1]"
2024-09-30 * "Assets:CurrentAssets:Wallet:DkkCWallet金料" "Invoice Payment for Invoice #626 #d0859118-3ad6-4fbd-a528-8dca833299ec"
  Assets:CurrentAssets:Wallet:DkkCWallet金料 60709.36 USDT
  type: "Invoice Payment"
  sourceId: "d0859118-3ad6-4fbd-a528-8dca833299ec"
  referenceNo: "626"
  orderId: "4d9696c7-935c-4552-a67b-04939c0907b2"
  Assets:CurrentAssets:AccountReceivable -60709.36 USDT
  type: "Invoice Payment"
  sourceId: "d0859118-3ad6-4fbd-a528-8dca833299ec"
  referenceNo: "626"
  orderId: "4d9696c7-935c-4552-a67b-04939c0907b2"
  contact: "852 62244422 (Milways Gold Ltd 萬寶黄金有限公司) [2dcfeea3-ab5e-40a3-a0af-00101f3873fa]"
2024-09-30 * "Assets:CurrentAssets:E-tradingPlatform:Mt57170667Invest" "Invoice Payment for Invoice #602 #0324577e-09fc-4590-8608-486cd583a4d0"
  Assets:CurrentAssets:E-tradingPlatform:Mt57170667Invest 15.49 USDT
  type: "Invoice Payment"
  sourceId: "0324577e-09fc-4590-8608-486cd583a4d0"
  referenceNo: "602"
  orderId: "2b0af2dd-0b89-4b9e-a8ee-7f657c0e2081"
  Assets:CurrentAssets:AccountReceivable -15.49 USDT
  type: "Invoice Payment"
  sourceId: "0324577e-09fc-4590-8608-486cd583a4d0"
  referenceNo: "602"
  orderId: "2b0af2dd-0b89-4b9e-a8ee-7f657c0e2081"
  contact: "852 666666 (icmarket) [666112b8-2856-4ed8-8370-eb4b911be7b5]"
2024-09-30 * "Assets:CurrentAssets:Bank:BocSavingBank" "Invoice Payment for Invoice #581 #9a74d8e6-ab88-406a-a323-08b8f0559b38"
  Assets:CurrentAssets:Bank:BocSavingBank 218.21 HKD
  type: "Invoice Payment"
  sourceId: "9a74d8e6-ab88-406a-a323-08b8f0559b38"
  referenceNo: "581"
  orderId: "29135947-63d2-42f7-a53c-e4902c8ac1cd"
  Assets:CurrentAssets:AccountReceivable -218.21 HKD
  type: "Invoice Payment"
  sourceId: "9a74d8e6-ab88-406a-a323-08b8f0559b38"
  referenceNo: "581"
  orderId: "29135947-63d2-42f7-a53c-e4902c8ac1cd"
  contact: "880 806 () [53b8789a-4451-4a1f-84f7-a9c5da7ada1a]"
2024-09-30 * "Assets:CurrentAssets:E-tradingPlatform:Mt4320039271金" "Invoice Payment for Invoice #600 #05fe3445-bc94-409d-8b7d-57bbab3ecda5"
  Assets:CurrentAssets:E-tradingPlatform:Mt4320039271金 303.72 USDT
  type: "Invoice Payment"
  sourceId: "05fe3445-bc94-409d-8b7d-57bbab3ecda5"
  referenceNo: "600"
  orderId: "285e23da-2a60-44ef-b146-0bcfd12e3d96"
  Assets:CurrentAssets:AccountReceivable -303.72 USDT
  type: "Invoice Payment"
  sourceId: "05fe3445-bc94-409d-8b7d-57bbab3ecda5"
  referenceNo: "600"
  orderId: "285e23da-2a60-44ef-b146-0bcfd12e3d96"
  contact: "852 666666 (icmarket) [666112b8-2856-4ed8-8370-eb4b911be7b5]"
2024-09-30 * "Assets:CurrentAssets:Wallet:DkkCWallet金料" "Invoice Payment for Invoice #627 #102c7189-2745-40b4-bc67-a79716e05c42"
  Assets:CurrentAssets:Wallet:DkkCWallet金料 281925.55 USDT
  type: "Invoice Payment"
  sourceId: "102c7189-2745-40b4-bc67-a79716e05c42"
  referenceNo: "627"
  orderId: "2437c11d-3a39-4662-8abd-6c2e644a3fd4"
  Assets:CurrentAssets:AccountReceivable -281925.55 USDT
  type: "Invoice Payment"
  sourceId: "102c7189-2745-40b4-bc67-a79716e05c42"
  referenceNo: "627"
  orderId: "2437c11d-3a39-4662-8abd-6c2e644a3fd4"
  contact: "852 62244422 (Milways Gold Ltd 萬寶黄金有限公司) [2dcfeea3-ab5e-40a3-a0af-00101f3873fa]"
2024-09-30 * "Assets:CurrentAssets:E-tradingPlatform:Mt511193568金" "Invoice Payment for Invoice #594 #45c57eb7-e146-447d-86a6-6f1cf76e2d94"
  Assets:CurrentAssets:E-tradingPlatform:Mt511193568金 287.36 USDT
  type: "Invoice Payment"
  sourceId: "45c57eb7-e146-447d-86a6-6f1cf76e2d94"
  referenceNo: "594"
  orderId: "1aa910f8-67ae-4274-a984-8d284c00ca6b"
  Assets:CurrentAssets:AccountReceivable -287.36 USDT
  type: "Invoice Payment"
  sourceId: "45c57eb7-e146-447d-86a6-6f1cf76e2d94"
  referenceNo: "594"
  orderId: "1aa910f8-67ae-4274-a984-8d284c00ca6b"
  contact: "852 666666 (icmarket) [666112b8-2856-4ed8-8370-eb4b911be7b5]"
2024-09-30 * "880 806 () [53b8789a-4451-4a1f-84f7-a9c5da7ada1a]" "Bill Payment for Bill #1143 #0884fc5a-f67c-49b3-9049-9191132e0205"
  contact: "880 806 () [53b8789a-4451-4a1f-84f7-a9c5da7ada1a]"
  Liabilities:CurrentLiabilities:AccountPayable 338 HKD
  type: "Bill Payment"
  sourceId: "0884fc5a-f67c-49b3-9049-9191132e0205"
  referenceNo: "1143"
  orderId: "7f485484-a705-4124-b0af-399585acac84"
  Liabilities:CurrentLiabilities:CurrentAccount:C-a-MilrichElectronicsHkCoLtd -338 HKD
  type: "Bill Payment"
  sourceId: "0884fc5a-f67c-49b3-9049-9191132e0205"
  referenceNo: "1143"
  orderId: "7f485484-a705-4124-b0af-399585acac84"
2024-09-30 * "852 666666 (icmarket) [666112b8-2856-4ed8-8370-eb4b911be7b5]" "Bill Payment for Bill #1186 #9f7c53e5-05ab-4a37-8a04-18893de058e5"
  contact: "852 666666 (icmarket) [666112b8-2856-4ed8-8370-eb4b911be7b5]"
  Liabilities:CurrentLiabilities:AccountPayable 281925.55 USDT
  type: "Bill Payment"
  sourceId: "9f7c53e5-05ab-4a37-8a04-18893de058e5"
  referenceNo: "1186"
  orderId: "722e91d1-3ac2-4fdc-92ae-377b58dee1cd"
  Assets:CurrentAssets:E-tradingPlatform:Mt511193568金 -281925.55 USDT
  type: "Bill Payment"
  sourceId: "9f7c53e5-05ab-4a37-8a04-18893de058e5"
  referenceNo: "1186"
  orderId: "722e91d1-3ac2-4fdc-92ae-377b58dee1cd"
2024-09-30 * "852 666666 (icmarket) [666112b8-2856-4ed8-8370-eb4b911be7b5]" "Bill Payment for Bill #1191 #523e2c04-08f8-4ea7-99ad-9df326650db5"
  contact: "852 666666 (icmarket) [666112b8-2856-4ed8-8370-eb4b911be7b5]"
  Liabilities:CurrentLiabilities:AccountPayable 300 USDT
  type: "Bill Payment"
  sourceId: "523e2c04-08f8-4ea7-99ad-9df326650db5"
  referenceNo: "1191"
  orderId: "be465fcf-0444-47f3-9a6e-862fe72493c6"
  Assets:CurrentAssets:E-tradingPlatform:Mt57170667Invest -300 USDT
  type: "Bill Payment"
  sourceId: "523e2c04-08f8-4ea7-99ad-9df326650db5"
  referenceNo: "1191"
  orderId: "be465fcf-0444-47f3-9a6e-862fe72493c6"
2024-09-30 * "852 666666 (icmarket) [666112b8-2856-4ed8-8370-eb4b911be7b5]" "Bill Payment for Bill #1191 #43d4e004-1c02-4452-bbb3-3f7aa6528895"
  contact: "852 666666 (icmarket) [666112b8-2856-4ed8-8370-eb4b911be7b5]"
  Liabilities:CurrentLiabilities:AccountPayable 289.65 USDT
  type: "Bill Payment"
  sourceId: "43d4e004-1c02-4452-bbb3-3f7aa6528895"
  referenceNo: "1191"
  orderId: "be465fcf-0444-47f3-9a6e-862fe72493c6"
  Assets:CurrentAssets:E-tradingPlatform:Mt57170667Invest -289.65 USDT
  type: "Bill Payment"
  sourceId: "43d4e004-1c02-4452-bbb3-3f7aa6528895"
  referenceNo: "1191"
  orderId: "be465fcf-0444-47f3-9a6e-862fe72493c6"
2024-09-30 * "998 12345821 (KPAY) [5a706f32-7edc-48d8-ae47-62fee1e8bba1]" "Bill Payment for Bill #1209 #cc9193d6-b99c-424d-af36-4a63eba1ade0"
  contact: "998 12345821 (KPAY) [5a706f32-7edc-48d8-ae47-62fee1e8bba1]"
  Liabilities:CurrentLiabilities:AccountPayable 1098.98 HKD
  type: "Bill Payment"
  sourceId: "cc9193d6-b99c-424d-af36-4a63eba1ade0"
  referenceNo: "1209"
  orderId: "278ce58c-0231-46bd-9539-bca749bd3def"
  Assets:CurrentAssets:Bank:KpayBank -1098.98 HKD
  type: "Bill Payment"
  sourceId: "cc9193d6-b99c-424d-af36-4a63eba1ade0"
  referenceNo: "1209"
  orderId: "278ce58c-0231-46bd-9539-bca749bd3def"
2024-09-30 * "852 666666 (icmarket) [666112b8-2856-4ed8-8370-eb4b911be7b5]" "Bill Payment for Bill #1189 #7698dbcf-b61e-4518-adf7-ad7e134eeff7"
  contact: "852 666666 (icmarket) [666112b8-2856-4ed8-8370-eb4b911be7b5]"
  Liabilities:CurrentLiabilities:AccountPayable 60709.36 USDT
  type: "Bill Payment"
  sourceId: "7698dbcf-b61e-4518-adf7-ad7e134eeff7"
  referenceNo: "1189"
  orderId: "9588880b-6821-45f7-8076-59a39115bdcd"
  Assets:CurrentAssets:E-tradingPlatform:Mt4320039271金 -60709.36 USDT
  type: "Bill Payment"
  sourceId: "7698dbcf-b61e-4518-adf7-ad7e134eeff7"
  referenceNo: "1189"
  orderId: "9588880b-6821-45f7-8076-59a39115bdcd"