; ORDER transactions for 2024-02

2024-02-01 * "Bill #1268 ADT (INV 1058905) G17 monitor fee (1 year)"
  referenceNo: "1268"
  orderId: "002ec09a-3848-4286-9e7f-c35b031d1bf8"
  type: "Bill"
  Expenses:GeneralExpense:TelephoneAndInternetAndAlarm 3216.00 HKD
  qty: "1"
  description: "G17 monitoring fee (23/02/24 - 22/02/25)"
  referenceNo: "1268"
  orderId: "002ec09a-3848-4286-9e7f-c35b031d1bf8"
  type: "Bill Item"
  sourceId: "56f376db-d44f-4be1-bbce-d3e2b9148779"
  Expenses:GeneralExpense:BankFeesExpense 5.00 HKD
  qty: "1"
  description: "BANK FEE"
  referenceNo: "1268"
  orderId: "002ec09a-3848-4286-9e7f-c35b031d1bf8"
  type: "Bill Item"
  sourceId: "36a4fb14-c53b-40ff-8bfb-16b05c7a298c"
  Liabilities:CurrentLiabilities:AccountPayable
  referenceNo: "1268"
  orderId: "002ec09a-3848-4286-9e7f-c35b031d1bf8"
  type: "Bill"
  sourceId: "002ec09a-3848-4286-9e7f-c35b031d1bf8"
  contact: "880 806 ()"
2024-02-01 * "Bill #1020 ELAM GOLD 電話費(2024-1)"
  referenceNo: "1020"
  orderId: "1d84a231-3cb2-403b-91fb-973e32d451da"
  type: "Bill"
  Expenses:GeneralExpense:TelephoneAndInternetAndAlarm 58.00 HKD
  qty: "1"
  description: "ELAM GOLD 電話費(2024-2)"
  referenceNo: "1020"
  orderId: "1d84a231-3cb2-403b-91fb-973e32d451da"
  type: "Bill Item"
  sourceId: "38cefd22-d254-4cd3-a3e8-201afa3864ea"
  Liabilities:CurrentLiabilities:AccountPayable
  referenceNo: "1020"
  orderId: "1d84a231-3cb2-403b-91fb-973e32d451da"
  type: "Bill"
  sourceId: "1d84a231-3cb2-403b-91fb-973e32d451da"
  contact: "880 806 ()"
2024-02-01 * "880 806 () [53b8789a-4451-4a1f-84f7-a9c5da7ada1a]" "Bill Payment for Bill #1020 #46461930-01bc-4411-85cd-1fee62870ac6"
  Liabilities:CurrentLiabilities:AccountPayable 58.00 HKD
  contact: "880 806 () [53b8789a-4451-4a1f-84f7-a9c5da7ada1a]"
  type: "Bill Payment"
  sourceId: "46461930-01bc-4411-85cd-1fee62870ac6"
  referenceNo: "1020"
  orderId: "1d84a231-3cb2-403b-91fb-973e32d451da"
  Liabilities:CurrentLiabilities:CurrentAccount:C-a-MilrichElectronicsHkCoLtd -58.00 HKD
  type: "Bill Payment"
  sourceId: "46461930-01bc-4411-85cd-1fee62870ac6"
  referenceNo: "1020"
  orderId: "1d84a231-3cb2-403b-91fb-973e32d451da"
2024-02-01 * "880 806 () [53b8789a-4451-4a1f-84f7-a9c5da7ada1a]" "Bill Payment for Bill #1268 #038cd320-2747-4873-95d5-c9fc4d7cce80"
  Liabilities:CurrentLiabilities:AccountPayable 3216.00 HKD
  contact: "880 806 () [53b8789a-4451-4a1f-84f7-a9c5da7ada1a]"
  type: "Bill Payment"
  sourceId: "038cd320-2747-4873-95d5-c9fc4d7cce80"
  referenceNo: "1268"
  orderId: "002ec09a-3848-4286-9e7f-c35b031d1bf8"
  Assets:CurrentAssets:Bank:BocSavingBank -3216.00 HKD
  type: "Bill Payment"
  sourceId: "038cd320-2747-4873-95d5-c9fc4d7cce80"
  referenceNo: "1268"
  orderId: "002ec09a-3848-4286-9e7f-c35b031d1bf8"
2024-02-01 * "880 806 () [53b8789a-4451-4a1f-84f7-a9c5da7ada1a]" "Bill Payment for Bill #1268 #f5dd37e5-04d3-4198-afcb-913e21254258"
  Liabilities:CurrentLiabilities:AccountPayable 5.00 HKD
  contact: "880 806 () [53b8789a-4451-4a1f-84f7-a9c5da7ada1a]"
  type: "Bill Payment"
  sourceId: "f5dd37e5-04d3-4198-afcb-913e21254258"
  referenceNo: "1268"
  orderId: "002ec09a-3848-4286-9e7f-c35b031d1bf8"
  Assets:CurrentAssets:Bank:BocSavingBank -5.00 HKD
  type: "Bill Payment"
  sourceId: "f5dd37e5-04d3-4198-afcb-913e21254258"
  referenceNo: "1268"
  orderId: "002ec09a-3848-4286-9e7f-c35b031d1bf8"
2024-02-02 * "Bill #933 Auditor Fee (Letter to Certify as PI)"
  referenceNo: "933"
  orderId: "a2ae278c-5797-48e9-8e20-3d0b39fff2c6"
  type: "Bill"
  Expenses:GeneralExpense:LegalAndProfessionalFee 200.00 HKD
  qty: "1"
  description: "Letter to Certify as Professional Investor"
  referenceNo: "933"
  orderId: "a2ae278c-5797-48e9-8e20-3d0b39fff2c6"
  type: "Bill Item"
  sourceId: "2fe977c2-1b95-4fc4-84af-514e538528c1"
  Liabilities:CurrentLiabilities:AccountPayable
  referenceNo: "933"
  orderId: "a2ae278c-5797-48e9-8e20-3d0b39fff2c6"
  type: "Bill"
  sourceId: "a2ae278c-5797-48e9-8e20-3d0b39fff2c6"
  contact: "880 806 ()"
2024-02-02 * "Bill #1460 (29/01-02/02)1week 220kg*8= 1760usdt"
  referenceNo: "1460"
  orderId: "7ad75cca-ba38-4a84-a695-c8fba00a9f06"
  type: "Bill"
  Expenses:GeneralExpense:MetalTransportationFee 1760.00 USDT
  qty: "220"
  description: "(29/01-02/02)1week 220kg*8= 1760usdt"
  referenceNo: "1460"
  orderId: "7ad75cca-ba38-4a84-a695-c8fba00a9f06"
  type: "Bill Item"
  sourceId: "4a282959-0b33-4144-98b1-c2e5a449ad64"
  Liabilities:CurrentLiabilities:AccountPayable
  referenceNo: "1460"
  orderId: "7ad75cca-ba38-4a84-a695-c8fba00a9f06"
  type: "Bill"
  sourceId: "7ad75cca-ba38-4a84-a695-c8fba00a9f06"
  contact: "82 10063988492 ()"
2024-02-02 * "82 10063988492 () [2d630467-4741-4a05-854d-e05b52b867d2]" "Bill Payment for Bill #1460 #9d2853cc-7b09-4db9-bf08-444155f04d15"
  Liabilities:CurrentLiabilities:AccountPayable 1760.00 USDT
  contact: "82 10063988492 () [2d630467-4741-4a05-854d-e05b52b867d2]"
  type: "Bill Payment"
  sourceId: "9d2853cc-7b09-4db9-bf08-444155f04d15"
  referenceNo: "1460"
  orderId: "7ad75cca-ba38-4a84-a695-c8fba00a9f06"
  Assets:CurrentAssets:Wallet:DkkCWallet金料 -1760.00 USDT
  type: "Bill Payment"
  sourceId: "9d2853cc-7b09-4db9-bf08-444155f04d15"
  referenceNo: "1460"
  orderId: "7ad75cca-ba38-4a84-a695-c8fba00a9f06"
2024-02-02 * "880 806 () [53b8789a-4451-4a1f-84f7-a9c5da7ada1a]" "Bill Payment for Bill #933 #3c36d0b8-7588-4bbf-853b-f788b5f111c5"
  Liabilities:CurrentLiabilities:AccountPayable 200.00 HKD
  contact: "880 806 () [53b8789a-4451-4a1f-84f7-a9c5da7ada1a]"
  type: "Bill Payment"
  sourceId: "3c36d0b8-7588-4bbf-853b-f788b5f111c5"
  referenceNo: "933"
  orderId: "a2ae278c-5797-48e9-8e20-3d0b39fff2c6"
  Assets:CurrentAssets:Bank:BocSavingBank -200.00 HKD
  type: "Bill Payment"
  sourceId: "3c36d0b8-7588-4bbf-853b-f788b5f111c5"
  referenceNo: "933"
  orderId: "a2ae278c-5797-48e9-8e20-3d0b39fff2c6"
2024-02-04 * "Invoice #358 TOUR"
  Income:Sales:SalesItem:SellGoldJewelry -420.00 CNY
  category: "Gold Jewelry"
  sku: "DDFF2305170A000000000030"
  qty: 1
  referenceNo: "358"
  orderId: "484417aa-5ade-455c-879e-3b701ee6331d"
  type: "Invoice Item"
  sourceId: "695f22e7-4c8b-40bf-94ec-f8e377f4f72f"
  Assets:CurrentAssets:AccountReceivable
  referenceNo: "358"
  orderId: "484417aa-5ade-455c-879e-3b701ee6331d"
  type: "Invoice"
  sourceId: "484417aa-5ade-455c-879e-3b701ee6331d"
  contact: "880 802 (Walkin) [42348712-7daa-4c29-93b7-756b472429a4]"
2024-02-04 * "Assets:CurrentAssets:Cash:CashInHand" "Invoice Payment for Invoice #355 #e469eeaa-f653-4d8f-ade1-2d1ee869b454"
  Assets:CurrentAssets:Cash:CashInHand 1780.00 HKD
  type: "Invoice Payment"
  sourceId: "e469eeaa-f653-4d8f-ade1-2d1ee869b454"
  referenceNo: "355"
  orderId: "7193cc5c-323b-4219-92c8-4f948af89055"
  Assets:CurrentAssets:AccountReceivable -1780.00 HKD
  type: "Invoice Payment"
  sourceId: "e469eeaa-f653-4d8f-ade1-2d1ee869b454"
  referenceNo: "355"
  orderId: "7193cc5c-323b-4219-92c8-4f948af89055"
  contact: "998 12345751 (SALES#0003ELMA) [28639a2d-ee79-48b0-96d2-4f5df20780ae]"
2024-02-04 * "Assets:CurrentAssets:Cash:CashInHand" "Invoice Payment for Invoice #358 #e119d6c1-6254-49c2-be0c-49d335bfd862"
  Assets:CurrentAssets:Cash:CashInHand 420.00 CNY
  type: "Invoice Payment"
  sourceId: "e119d6c1-6254-49c2-be0c-49d335bfd862"
  referenceNo: "358"
  orderId: "484417aa-5ade-455c-879e-3b701ee6331d"
  Assets:CurrentAssets:AccountReceivable -420.00 CNY
  type: "Invoice Payment"
  sourceId: "e119d6c1-6254-49c2-be0c-49d335bfd862"
  referenceNo: "358"
  orderId: "484417aa-5ade-455c-879e-3b701ee6331d"
  contact: "880 802 (Walkin) [42348712-7daa-4c29-93b7-756b472429a4]"
2024-02-08 * "Invoice #359 TOUR"
  Income:Sales:SalesItem:SellGoldJewelry -8600.00 HKD
  category: "Gold Jewelry"
  sku: "DDFF23051204000000000019"
  qty: 1
  referenceNo: "359"
  orderId: "5ba0a55a-5470-48b2-9b0c-30d2d43572f1"
  type: "Invoice Item"
  sourceId: "572bb23a-a2aa-4919-b4e3-e50b45f888c0"
  Assets:CurrentAssets:AccountReceivable
  referenceNo: "359"
  orderId: "5ba0a55a-5470-48b2-9b0c-30d2d43572f1"
  type: "Invoice"
  sourceId: "5ba0a55a-5470-48b2-9b0c-30d2d43572f1"
  contact: "880 802 (Walkin) [42348712-7daa-4c29-93b7-756b472429a4]"
2024-02-08 * "Invoice #652 "
  Income:Sales:SalesItem:SellGoldJewelry -2030.00 HKD
  category: "Gold Jewelry"
  sku: "DDFF23051705000000000005"
  qty: 1
  referenceNo: "652"
  orderId: "eeb87c26-522c-4ded-9d8b-93cb2aae4a04"
  type: "Invoice Item"
  sourceId: "813646e9-f4f9-48b3-bd66-35b93d1a7458"
  Assets:CurrentAssets:AccountReceivable
  referenceNo: "652"
  orderId: "eeb87c26-522c-4ded-9d8b-93cb2aae4a04"
  type: "Invoice"
  sourceId: "eeb87c26-522c-4ded-9d8b-93cb2aae4a04"
  contact: "880 802 (Walkin) [42348712-7daa-4c29-93b7-756b472429a4]"
2024-02-08 * "Assets:CurrentAssets:Cash:CashInHand" "Invoice Payment for Invoice #652 #b5df55c7-1b99-479e-841d-6ac615710a54"
  Assets:CurrentAssets:Cash:CashInHand 2030.00 HKD
  type: "Invoice Payment"
  sourceId: "b5df55c7-1b99-479e-841d-6ac615710a54"
  referenceNo: "652"
  orderId: "eeb87c26-522c-4ded-9d8b-93cb2aae4a04"
  Assets:CurrentAssets:AccountReceivable -2030.00 HKD
  type: "Invoice Payment"
  sourceId: "b5df55c7-1b99-479e-841d-6ac615710a54"
  referenceNo: "652"
  orderId: "eeb87c26-522c-4ded-9d8b-93cb2aae4a04"
  contact: "880 802 (Walkin) [42348712-7daa-4c29-93b7-756b472429a4]"
2024-02-08 * "Assets:CurrentAssets:Bank:KpayBank" "Invoice Payment for Invoice #359 #6860ec9f-6d1a-4280-961a-45abad64d596"
  Assets:CurrentAssets:Bank:KpayBank 8600.00 HKD
  type: "Invoice Payment"
  sourceId: "6860ec9f-6d1a-4280-961a-45abad64d596"
  referenceNo: "359"
  orderId: "5ba0a55a-5470-48b2-9b0c-30d2d43572f1"
  Assets:CurrentAssets:AccountReceivable -8600.00 HKD
  type: "Invoice Payment"
  sourceId: "6860ec9f-6d1a-4280-961a-45abad64d596"
  referenceNo: "359"
  orderId: "5ba0a55a-5470-48b2-9b0c-30d2d43572f1"
  contact: "880 802 (Walkin) [42348712-7daa-4c29-93b7-756b472429a4]"
2024-02-08 * "Bill #1478 Entertainment"
  referenceNo: "1478"
  orderId: "4d1eb447-ef82-4355-9f6f-1e3895642aea"
  type: "Bill"
  Expenses:GeneralExpense:GeneralExpensesDirect 24000.00 HKD
  qty: "1"
  description: "Entertainment"
  referenceNo: "1478"
  orderId: "4d1eb447-ef82-4355-9f6f-1e3895642aea"
  type: "Bill Item"
  sourceId: "d73702c6-519c-482e-8a11-939458414789"
  Liabilities:CurrentLiabilities:AccountPayable
  referenceNo: "1478"
  orderId: "4d1eb447-ef82-4355-9f6f-1e3895642aea"
  type: "Bill"
  sourceId: "4d1eb447-ef82-4355-9f6f-1e3895642aea"
  contact: "880 806 ()"
2024-02-08 * "880 806 () [53b8789a-4451-4a1f-84f7-a9c5da7ada1a]" "Bill Payment for Bill #1478 #3183f337-8ab0-47c1-b2e3-21e40d5363dd"
  Liabilities:CurrentLiabilities:AccountPayable 24000.00 HKD
  contact: "880 806 () [53b8789a-4451-4a1f-84f7-a9c5da7ada1a]"
  type: "Bill Payment"
  sourceId: "3183f337-8ab0-47c1-b2e3-21e40d5363dd"
  referenceNo: "1478"
  orderId: "4d1eb447-ef82-4355-9f6f-1e3895642aea"
  Liabilities:CurrentLiabilities:CurrentAccount:C-a-MilrichElectronicsHkCoLtd -24000.00 HKD
  type: "Bill Payment"
  sourceId: "3183f337-8ab0-47c1-b2e3-21e40d5363dd"
  referenceNo: "1478"
  orderId: "4d1eb447-ef82-4355-9f6f-1e3895642aea"
2024-02-09 * "Invoice #361 TOUR"
  Income:Sales:SalesItem:SellGoldJewelry -11351.20 HKD
  category: "Gold Jewelry"
  sku: "DDFF23051204000000000028"
  qty: 1
  referenceNo: "361"
  orderId: "0fe21d18-6b25-4f8c-a786-ce079516d9ff"
  type: "Invoice Item"
  sourceId: "d6f3419f-09c1-4f45-bdca-327bd7b8a521"
  Income:Sales:SalesItem:SellGoldJewelry -2232.80 HKD
  category: "Gold Jewelry"
  sku: "DDFF23051706000000000018"
  qty: 1
  referenceNo: "361"
  orderId: "0fe21d18-6b25-4f8c-a786-ce079516d9ff"
  type: "Invoice Item"
  sourceId: "32017c29-4a3f-44f5-9761-c58d8636cd73"
  Assets:CurrentAssets:AccountReceivable
  referenceNo: "361"
  orderId: "0fe21d18-6b25-4f8c-a786-ce079516d9ff"
  type: "Invoice"
  sourceId: "0fe21d18-6b25-4f8c-a786-ce079516d9ff"
  contact: "880 802 (Walkin) [42348712-7daa-4c29-93b7-756b472429a4]"
2024-02-09 * "Bill #1461 (05/02-09/02)1week 220kg*8= 1760usdt"
  referenceNo: "1461"
  orderId: "69be56c5-7880-4b57-b363-aef5027929c5"
  type: "Bill"
  Expenses:GeneralExpense:MetalTransportationFee 1760.00 USDT
  qty: "220"
  description: ""
  referenceNo: "1461"
  orderId: "69be56c5-7880-4b57-b363-aef5027929c5"
  type: "Bill Item"
  sourceId: "956db2d7-1d5c-4714-aab2-cd266d9c1971"
  Liabilities:CurrentLiabilities:AccountPayable
  referenceNo: "1461"
  orderId: "69be56c5-7880-4b57-b363-aef5027929c5"
  type: "Bill"
  sourceId: "69be56c5-7880-4b57-b363-aef5027929c5"
  contact: "82 10063988492 ()"
2024-02-09 * "Assets:CurrentAssets:Bank:KpayBank" "Invoice Payment for Invoice #361 #feebc2d9-b1b4-4400-967d-5f231f440e27"
  Assets:CurrentAssets:Bank:KpayBank 11351.20 HKD
  type: "Invoice Payment"
  sourceId: "feebc2d9-b1b4-4400-967d-5f231f440e27"
  referenceNo: "361"
  orderId: "0fe21d18-6b25-4f8c-a786-ce079516d9ff"
  Assets:CurrentAssets:AccountReceivable -11351.20 HKD
  type: "Invoice Payment"
  sourceId: "feebc2d9-b1b4-4400-967d-5f231f440e27"
  referenceNo: "361"
  orderId: "0fe21d18-6b25-4f8c-a786-ce079516d9ff"
  contact: "880 802 (Walkin) [42348712-7daa-4c29-93b7-756b472429a4]"
2024-02-09 * "Assets:CurrentAssets:Bank:KpayBank" "Invoice Payment for Invoice #361 #9d9fcba4-b6fa-43e5-a936-d0a5631437a0"
  Assets:CurrentAssets:Bank:KpayBank 2232.80 HKD
  type: "Invoice Payment"
  sourceId: "9d9fcba4-b6fa-43e5-a936-d0a5631437a0"
  referenceNo: "361"
  orderId: "0fe21d18-6b25-4f8c-a786-ce079516d9ff"
  Assets:CurrentAssets:AccountReceivable -2232.80 HKD
  type: "Invoice Payment"
  sourceId: "9d9fcba4-b6fa-43e5-a936-d0a5631437a0"
  referenceNo: "361"
  orderId: "0fe21d18-6b25-4f8c-a786-ce079516d9ff"
  contact: "880 802 (Walkin) [42348712-7daa-4c29-93b7-756b472429a4]"
2024-02-09 * "82 10063988492 () [2d630467-4741-4a05-854d-e05b52b867d2]" "Bill Payment for Bill #1461 #8e23246c-8fe5-409b-b2eb-fa416a794183"
  Liabilities:CurrentLiabilities:AccountPayable 1760.00 USDT
  contact: "82 10063988492 () [2d630467-4741-4a05-854d-e05b52b867d2]"
  type: "Bill Payment"
  sourceId: "8e23246c-8fe5-409b-b2eb-fa416a794183"
  referenceNo: "1461"
  orderId: "69be56c5-7880-4b57-b363-aef5027929c5"
  Assets:CurrentAssets:Wallet:DkkCWallet金料 -1760.00 USDT
  type: "Bill Payment"
  sourceId: "8e23246c-8fe5-409b-b2eb-fa416a794183"
  referenceNo: "1461"
  orderId: "69be56c5-7880-4b57-b363-aef5027929c5"
2024-02-13 * "Invoice #363 AA39231 - TOUR"
  Income:Sales:SalesItem:SellGoldJewelry -6378.00 HKD
  category: "Gold Jewelry"
  sku: "DDFF23051205000000000024"
  qty: 1
  referenceNo: "363"
  orderId: "50d88a59-bcbd-461e-be03-3044e7c22c9b"
  type: "Invoice Item"
  sourceId: "eba85342-3887-49ef-b629-bec344bd1a95"
  Assets:CurrentAssets:AccountReceivable
  referenceNo: "363"
  orderId: "50d88a59-bcbd-461e-be03-3044e7c22c9b"
  type: "Invoice"
  sourceId: "50d88a59-bcbd-461e-be03-3044e7c22c9b"
  contact: "880 802 (Walkin) [42348712-7daa-4c29-93b7-756b472429a4]"
2024-02-13 * "Invoice #667 AA39230"
  Income:Sales:SalesItem:SellGoldJewelry -2509.00 HKD
  category: "Gold Jewelry"
  sku: "DDFF23051706000000000017"
  qty: 1
  referenceNo: "667"
  orderId: "0932dd79-101e-4d45-9ec0-2a553e683db6"
  type: "Invoice Item"
  sourceId: "69b027ae-6d2c-4eda-8b9e-bfcca79bf679"
  Assets:CurrentAssets:AccountReceivable
  referenceNo: "667"
  orderId: "0932dd79-101e-4d45-9ec0-2a553e683db6"
  type: "Invoice"
  sourceId: "0932dd79-101e-4d45-9ec0-2a553e683db6"
  contact: "880 802 (Walkin) [42348712-7daa-4c29-93b7-756b472429a4]"
2024-02-13 * "Assets:CurrentAssets:Bank:KpayBank" "Invoice Payment for Invoice #363 #a7019164-03c1-4d2c-9520-e1dea011e4af"
  Assets:CurrentAssets:Bank:KpayBank 6378.00 HKD
  type: "Invoice Payment"
  sourceId: "a7019164-03c1-4d2c-9520-e1dea011e4af"
  referenceNo: "363"
  orderId: "50d88a59-bcbd-461e-be03-3044e7c22c9b"
  Assets:CurrentAssets:AccountReceivable -6378.00 HKD
  type: "Invoice Payment"
  sourceId: "a7019164-03c1-4d2c-9520-e1dea011e4af"
  referenceNo: "363"
  orderId: "50d88a59-bcbd-461e-be03-3044e7c22c9b"
  contact: "880 802 (Walkin) [42348712-7daa-4c29-93b7-756b472429a4]"
2024-02-13 * "Assets:CurrentAssets:Bank:KpayBank" "Invoice Payment for Invoice #667 #3e32abe8-e613-447e-8154-d45046d358e4"
  Assets:CurrentAssets:Bank:KpayBank 2509.00 HKD
  type: "Invoice Payment"
  sourceId: "3e32abe8-e613-447e-8154-d45046d358e4"
  referenceNo: "667"
  orderId: "0932dd79-101e-4d45-9ec0-2a553e683db6"
  Assets:CurrentAssets:AccountReceivable -2509.00 HKD
  type: "Invoice Payment"
  sourceId: "3e32abe8-e613-447e-8154-d45046d358e4"
  referenceNo: "667"
  orderId: "0932dd79-101e-4d45-9ec0-2a553e683db6"
  contact: "880 802 (Walkin) [42348712-7daa-4c29-93b7-756b472429a4]"
2024-02-14 * "Invoice #365 AA39233 - TOUR"
  Income:Sales:SalesItem:SellGoldJewelry -9741.00 HKD
  category: "Gold Jewelry"
  sku: "DDFF23051203000000000016"
  qty: 1
  referenceNo: "365"
  orderId: "e72d8e0d-27e3-47d1-9bd0-4546a6c6f7cb"
  type: "Invoice Item"
  sourceId: "d3fda47a-38fa-4ffe-8fd8-6fabea4157f0"
  Assets:CurrentAssets:AccountReceivable
  referenceNo: "365"
  orderId: "e72d8e0d-27e3-47d1-9bd0-4546a6c6f7cb"
  type: "Invoice"
  sourceId: "e72d8e0d-27e3-47d1-9bd0-4546a6c6f7cb"
  contact: "880 802 (Walkin) [42348712-7daa-4c29-93b7-756b472429a4]"
2024-02-14 * "Invoice #364 AA39232 - TOUR"
  Income:Sales:SalesItem:SellGoldJewelry -3660.00 HKD
  category: "Gold Jewelry"
  sku: "DDFF23051701000000000008"
  qty: 1
  referenceNo: "364"
  orderId: "3928f5fa-cf41-436d-a79f-ef1bacc578d8"
  type: "Invoice Item"
  sourceId: "00cc598b-7e4a-4bce-ae06-a5e8c77c6663"
  Assets:CurrentAssets:AccountReceivable
  referenceNo: "364"
  orderId: "3928f5fa-cf41-436d-a79f-ef1bacc578d8"
  type: "Invoice"
  sourceId: "3928f5fa-cf41-436d-a79f-ef1bacc578d8"
  contact: "880 802 (Walkin) [42348712-7daa-4c29-93b7-756b472429a4]"
2024-02-14 * "Bill #1263 EPS 24年1月手續費"
  referenceNo: "1263"
  orderId: "325104cc-ccac-4380-a437-622eab129466"
  type: "Bill"
  Expenses:GeneralExpense:CardFeeExpense 410.00 HKD
  qty: "1"
  description: "EPS 24年1月手續費"
  referenceNo: "1263"
  orderId: "325104cc-ccac-4380-a437-622eab129466"
  type: "Bill Item"
  sourceId: "27ba492c-1e0f-450c-8c30-797d3b80740c"
  Liabilities:CurrentLiabilities:AccountPayable
  referenceNo: "1263"
  orderId: "325104cc-ccac-4380-a437-622eab129466"
  type: "Bill"
  sourceId: "325104cc-ccac-4380-a437-622eab129466"
  contact: "880 806 ()"
2024-02-14 * "Assets:CurrentAssets:Bank:KpayBank" "Invoice Payment for Invoice #365 #91c4fcad-9d9b-45e2-95fe-b38f0851af8a"
  Assets:CurrentAssets:Bank:KpayBank 9741.00 HKD
  type: "Invoice Payment"
  sourceId: "91c4fcad-9d9b-45e2-95fe-b38f0851af8a"
  referenceNo: "365"
  orderId: "e72d8e0d-27e3-47d1-9bd0-4546a6c6f7cb"
  Assets:CurrentAssets:AccountReceivable -9741.00 HKD
  type: "Invoice Payment"
  sourceId: "91c4fcad-9d9b-45e2-95fe-b38f0851af8a"
  referenceNo: "365"
  orderId: "e72d8e0d-27e3-47d1-9bd0-4546a6c6f7cb"
  contact: "880 802 (Walkin) [42348712-7daa-4c29-93b7-756b472429a4]"
2024-02-14 * "Assets:CurrentAssets:Bank:KpayBank" "Invoice Payment for Invoice #364 #0eaffc54-f743-465f-947f-d9a7e482cd1e"
  Assets:CurrentAssets:Bank:KpayBank 3660.00 HKD
  type: "Invoice Payment"
  sourceId: "0eaffc54-f743-465f-947f-d9a7e482cd1e"
  referenceNo: "364"
  orderId: "3928f5fa-cf41-436d-a79f-ef1bacc578d8"
  Assets:CurrentAssets:AccountReceivable -3660.00 HKD
  type: "Invoice Payment"
  sourceId: "0eaffc54-f743-465f-947f-d9a7e482cd1e"
  referenceNo: "364"
  orderId: "3928f5fa-cf41-436d-a79f-ef1bacc578d8"
  contact: "880 802 (Walkin) [42348712-7daa-4c29-93b7-756b472429a4]"
2024-02-14 * "880 806 () [53b8789a-4451-4a1f-84f7-a9c5da7ada1a]" "Bill Payment for Bill #1263 #5fff93dc-6654-4407-83a2-b8a513b8c23c"
  Liabilities:CurrentLiabilities:AccountPayable 410.00 HKD
  contact: "880 806 () [53b8789a-4451-4a1f-84f7-a9c5da7ada1a]"
  type: "Bill Payment"
  sourceId: "5fff93dc-6654-4407-83a2-b8a513b8c23c"
  referenceNo: "1263"
  orderId: "325104cc-ccac-4380-a437-622eab129466"
  Assets:CurrentAssets:Bank:BocSavingBank -410.00 HKD
  type: "Bill Payment"
  sourceId: "5fff93dc-6654-4407-83a2-b8a513b8c23c"
  referenceNo: "1263"
  orderId: "325104cc-ccac-4380-a437-622eab129466"
2024-02-15 * "Invoice #367 Staff Sales - Mary"
  Income:Sales:SalesItem:SellGoldJewelry -600.00 HKD
  category: "Gold Jewelry"
  sku: "DDFF2305170A000000000018"
  qty: 1
  referenceNo: "367"
  orderId: "d52870cc-e0f0-43c0-ab86-ade84a2d8652"
  type: "Invoice Item"
  sourceId: "d61e3809-edd9-4136-b315-cbbad0a58300"
  Assets:CurrentAssets:AccountReceivable
  referenceNo: "367"
  orderId: "d52870cc-e0f0-43c0-ab86-ade84a2d8652"
  type: "Invoice"
  sourceId: "d52870cc-e0f0-43c0-ab86-ade84a2d8652"
  contact: "880 802 (Walkin) [42348712-7daa-4c29-93b7-756b472429a4]"
2024-02-15 * "Invoice #368 TOUR"
  Income:Sales:SalesItem:SellGoldJewelry -460.00 HKD
  category: "Gold Jewelry"
  sku: "DDFF2305170A000000000026"
  qty: 1
  referenceNo: "368"
  orderId: "2dd36c86-4309-499a-99c4-c2d6fe8c9fd7"
  type: "Invoice Item"
  sourceId: "cfd5fd55-741b-46a5-83dc-fc40d69d9573"
  Income:Sales:SalesItem:SellGoldJewelry -460.00 HKD
  category: "Gold Jewelry"
  sku: "DDFF2305170A000000000037"
  qty: 1
  referenceNo: "368"
  orderId: "2dd36c86-4309-499a-99c4-c2d6fe8c9fd7"
  type: "Invoice Item"
  sourceId: "5b2ec391-c1be-4cd3-baac-fedc1ecedc08"
  Income:Sales:SalesItem:SellGoldJewelry -460.00 HKD
  category: "Gold Jewelry"
  sku: "DDFF2305170A000000000036"
  qty: 1
  referenceNo: "368"
  orderId: "2dd36c86-4309-499a-99c4-c2d6fe8c9fd7"
  type: "Invoice Item"
  sourceId: "a92dbdd5-ed09-4278-bc20-ed7d2a0e6bd8"
  Income:Sales:SalesItem:SellGoldJewelry -460.00 HKD
  category: "Gold Jewelry"
  sku: "DDFF2305170A000000000033"
  qty: 1
  referenceNo: "368"
  orderId: "2dd36c86-4309-499a-99c4-c2d6fe8c9fd7"
  type: "Invoice Item"
  sourceId: "1877d33b-201f-4135-9d36-42b90a201c22"
  Income:Sales:SalesItem:SellGoldJewelry -460.00 HKD
  category: "Gold Jewelry"
  sku: "DDFF2305170A000000000031"
  qty: 1
  referenceNo: "368"
  orderId: "2dd36c86-4309-499a-99c4-c2d6fe8c9fd7"
  type: "Invoice Item"
  sourceId: "e4680e42-6462-4b36-85c4-247dee072cf8"
  Income:Sales:SalesItem:SellGoldJewelry -460.00 HKD
  category: "Gold Jewelry"
  sku: "DDFF2305170A000000000028"
  qty: 1
  referenceNo: "368"
  orderId: "2dd36c86-4309-499a-99c4-c2d6fe8c9fd7"
  type: "Invoice Item"
  sourceId: "48f80cb5-9c1a-4ae0-bb7d-be4c513eb3d5"
  Assets:CurrentAssets:AccountReceivable
  referenceNo: "368"
  orderId: "2dd36c86-4309-499a-99c4-c2d6fe8c9fd7"
  type: "Invoice"
  sourceId: "2dd36c86-4309-499a-99c4-c2d6fe8c9fd7"
  contact: "880 802 (Walkin) [42348712-7daa-4c29-93b7-756b472429a4]"
2024-02-15 * "Invoice #366 TOUR"
  Income:Sales:SalesItem:SellGoldJewelry -1920.00 HKD
  category: "Gold Jewelry"
  sku: "DDFF23051202000000000013"
  qty: 1
  referenceNo: "366"
  orderId: "ca001fdb-34bd-4e04-841a-e2038468e2f9"
  type: "Invoice Item"
  sourceId: "076d702a-5b20-4d50-a88d-1e7edfd49da5"
  Assets:CurrentAssets:AccountReceivable
  referenceNo: "366"
  orderId: "ca001fdb-34bd-4e04-841a-e2038468e2f9"
  type: "Invoice"
  sourceId: "ca001fdb-34bd-4e04-841a-e2038468e2f9"
  contact: "880 802 (Walkin) [42348712-7daa-4c29-93b7-756b472429a4]"
2024-02-15 * "Bill #935 DAYTECH - SYSTEM DEV "
  referenceNo: "935"
  orderId: "54acc1c6-67b1-453d-aa02-b4a58d46ea23"
  type: "Bill"
  Expenses:GeneralExpense:WebErpDev 394550.00 HKD
  qty: "1"
  description: "DAYTECH - SYSTEM DEVELOPMENT FEE"
  referenceNo: "935"
  orderId: "54acc1c6-67b1-453d-aa02-b4a58d46ea23"
  type: "Bill Item"
  sourceId: "5e218f82-e1d7-43f7-bb2b-b38971856822"
  Liabilities:CurrentLiabilities:AccountPayable
  referenceNo: "935"
  orderId: "54acc1c6-67b1-453d-aa02-b4a58d46ea23"
  type: "Bill"
  sourceId: "54acc1c6-67b1-453d-aa02-b4a58d46ea23"
  contact: "880 806 ()"
2024-02-15 * "Bill #936 kpay120"
  referenceNo: "936"
  orderId: "5a3a762a-20f5-4528-bb13-472103298492"
  type: "Bill"
  Expenses:GeneralExpense:CardFeeExpense 104.20 HKD
  qty: "1"
  description: "8600 - 8495.80 = 104.2"
  referenceNo: "936"
  orderId: "5a3a762a-20f5-4528-bb13-472103298492"
  type: "Bill Item"
  sourceId: "25bf565b-92a2-4c6b-a3b8-ac13b421709b"
  Liabilities:CurrentLiabilities:AccountPayable
  referenceNo: "936"
  orderId: "5a3a762a-20f5-4528-bb13-472103298492"
  type: "Bill"
  sourceId: "5a3a762a-20f5-4528-bb13-472103298492"
  contact: "880 806 ()"
2024-02-15 * "Assets:CurrentAssets:Cash:CashInHand" "Invoice Payment for Invoice #367 #45facbf5-d4f5-45e9-8baa-7d846020544f"
  Assets:CurrentAssets:Cash:CashInHand 600.00 HKD
  type: "Invoice Payment"
  sourceId: "45facbf5-d4f5-45e9-8baa-7d846020544f"
  referenceNo: "367"
  orderId: "d52870cc-e0f0-43c0-ab86-ade84a2d8652"
  Assets:CurrentAssets:AccountReceivable -600.00 HKD
  type: "Invoice Payment"
  sourceId: "45facbf5-d4f5-45e9-8baa-7d846020544f"
  referenceNo: "367"
  orderId: "d52870cc-e0f0-43c0-ab86-ade84a2d8652"
  contact: "880 802 (Walkin) [42348712-7daa-4c29-93b7-756b472429a4]"
2024-02-15 * "Assets:CurrentAssets:Bank:KpayBank" "Invoice Payment for Invoice #366 #e55944db-9812-46e2-ac71-22ec663bf0fa"
  Assets:CurrentAssets:Bank:KpayBank 1920.00 HKD
  type: "Invoice Payment"
  sourceId: "e55944db-9812-46e2-ac71-22ec663bf0fa"
  referenceNo: "366"
  orderId: "ca001fdb-34bd-4e04-841a-e2038468e2f9"
  Assets:CurrentAssets:AccountReceivable -1920.00 HKD
  type: "Invoice Payment"
  sourceId: "e55944db-9812-46e2-ac71-22ec663bf0fa"
  referenceNo: "366"
  orderId: "ca001fdb-34bd-4e04-841a-e2038468e2f9"
  contact: "880 802 (Walkin) [42348712-7daa-4c29-93b7-756b472429a4]"
2024-02-15 * "Assets:CurrentAssets:Bank:KpayBank" "Invoice Payment for Invoice #368 #acf8084d-80bc-4339-92c5-8754d8bf77bd"
  Assets:CurrentAssets:Bank:KpayBank 2760.00 HKD
  type: "Invoice Payment"
  sourceId: "acf8084d-80bc-4339-92c5-8754d8bf77bd"
  referenceNo: "368"
  orderId: "2dd36c86-4309-499a-99c4-c2d6fe8c9fd7"
  Assets:CurrentAssets:AccountReceivable -2760.00 HKD
  type: "Invoice Payment"
  sourceId: "acf8084d-80bc-4339-92c5-8754d8bf77bd"
  referenceNo: "368"
  orderId: "2dd36c86-4309-499a-99c4-c2d6fe8c9fd7"
  contact: "880 802 (Walkin) [42348712-7daa-4c29-93b7-756b472429a4]"
2024-02-15 * "880 806 () [53b8789a-4451-4a1f-84f7-a9c5da7ada1a]" "Bill Payment for Bill #935 #fe18c324-93fe-4bf7-abde-447e0182985a"
  Liabilities:CurrentLiabilities:AccountPayable 394550.00 HKD
  contact: "880 806 () [53b8789a-4451-4a1f-84f7-a9c5da7ada1a]"
  type: "Bill Payment"
  sourceId: "fe18c324-93fe-4bf7-abde-447e0182985a"
  referenceNo: "935"
  orderId: "54acc1c6-67b1-453d-aa02-b4a58d46ea23"
  Assets:CurrentAssets:Bank:BocSavingBank -394550.00 HKD
  type: "Bill Payment"
  sourceId: "fe18c324-93fe-4bf7-abde-447e0182985a"
  referenceNo: "935"
  orderId: "54acc1c6-67b1-453d-aa02-b4a58d46ea23"
2024-02-15 * "880 806 () [53b8789a-4451-4a1f-84f7-a9c5da7ada1a]" "Bill Payment for Bill #936 #4345aa34-0083-4685-909f-9702b8ec3bd6"
  Liabilities:CurrentLiabilities:AccountPayable 104.20 HKD
  contact: "880 806 () [53b8789a-4451-4a1f-84f7-a9c5da7ada1a]"
  type: "Bill Payment"
  sourceId: "4345aa34-0083-4685-909f-9702b8ec3bd6"
  referenceNo: "936"
  orderId: "5a3a762a-20f5-4528-bb13-472103298492"
  Assets:CurrentAssets:Bank:KpayBank -104.20 HKD
  type: "Bill Payment"
  sourceId: "4345aa34-0083-4685-909f-9702b8ec3bd6"
  referenceNo: "936"
  orderId: "5a3a762a-20f5-4528-bb13-472103298492"
2024-02-16 * "Bill #937 kpay121"
  referenceNo: "937"
  orderId: "6f0e1e4c-aa76-4c00-8a7e-54b6997777a2"
  type: "Bill"
  Expenses:GeneralExpense:CardFeeExpense 164.00 HKD
  qty: "1"
  description: "13584 - 13420 = 164"
  referenceNo: "937"
  orderId: "6f0e1e4c-aa76-4c00-8a7e-54b6997777a2"
  type: "Bill Item"
  sourceId: "2273f837-3e56-434b-8a84-b1e7fcd4fbfb"
  Liabilities:CurrentLiabilities:AccountPayable
  referenceNo: "937"
  orderId: "6f0e1e4c-aa76-4c00-8a7e-54b6997777a2"
  type: "Bill"
  sourceId: "6f0e1e4c-aa76-4c00-8a7e-54b6997777a2"
  contact: "998 12345821 (KPAY)"
2024-02-16 * "Bill #938 kpay122"
  referenceNo: "938"
  orderId: "90b0b16b-a60b-4512-a64c-f0a64e1f9bea"
  type: "Bill"
  Expenses:GeneralExpense:CardFeeExpense 107.65 HKD
  qty: "1"
  description: "8887 - 8779.35 = 107.65"
  referenceNo: "938"
  orderId: "90b0b16b-a60b-4512-a64c-f0a64e1f9bea"
  type: "Bill Item"
  sourceId: "a63b3a9e-9e9e-4ba8-b5da-caa514239f4c"
  Liabilities:CurrentLiabilities:AccountPayable
  referenceNo: "938"
  orderId: "90b0b16b-a60b-4512-a64c-f0a64e1f9bea"
  type: "Bill"
  sourceId: "90b0b16b-a60b-4512-a64c-f0a64e1f9bea"
  contact: "998 12345821 (KPAY)"
2024-02-16 * "Bill #1462 (12/02-16/02)1week 154kg*8= 1232usdt"
  referenceNo: "1462"
  orderId: "d654d673-d96c-4625-9d65-3767d00aa5a4"
  type: "Bill"
  Expenses:GeneralExpense:MetalTransportationFee 1232.00 USDT
  qty: "154"
  description: ""
  referenceNo: "1462"
  orderId: "d654d673-d96c-4625-9d65-3767d00aa5a4"
  type: "Bill Item"
  sourceId: "7d5f6e4d-f94b-4cc5-9056-8a1581dc832f"
  Liabilities:CurrentLiabilities:AccountPayable
  referenceNo: "1462"
  orderId: "d654d673-d96c-4625-9d65-3767d00aa5a4"
  type: "Bill"
  sourceId: "d654d673-d96c-4625-9d65-3767d00aa5a4"
  contact: "82 10063988492 ()"
2024-02-16 * "82 10063988492 () [2d630467-4741-4a05-854d-e05b52b867d2]" "Bill Payment for Bill #1462 #e44dd8f8-4261-43df-aa2a-a9fdd17f91df"
  Liabilities:CurrentLiabilities:AccountPayable 1232.00 USDT
  contact: "82 10063988492 () [2d630467-4741-4a05-854d-e05b52b867d2]"
  type: "Bill Payment"
  sourceId: "e44dd8f8-4261-43df-aa2a-a9fdd17f91df"
  referenceNo: "1462"
  orderId: "d654d673-d96c-4625-9d65-3767d00aa5a4"
  Assets:CurrentAssets:Wallet:DkkCWallet金料 -1232.00 USDT
  type: "Bill Payment"
  sourceId: "e44dd8f8-4261-43df-aa2a-a9fdd17f91df"
  referenceNo: "1462"
  orderId: "d654d673-d96c-4625-9d65-3767d00aa5a4"
2024-02-16 * "998 12345821 (KPAY) [5a706f32-7edc-48d8-ae47-62fee1e8bba1]" "Bill Payment for Bill #937 #58c7b6b1-4a21-4458-aa31-e37a71d4e051"
  Liabilities:CurrentLiabilities:AccountPayable 164.00 HKD
  contact: "998 12345821 (KPAY) [5a706f32-7edc-48d8-ae47-62fee1e8bba1]"
  type: "Bill Payment"
  sourceId: "58c7b6b1-4a21-4458-aa31-e37a71d4e051"
  referenceNo: "937"
  orderId: "6f0e1e4c-aa76-4c00-8a7e-54b6997777a2"
  Assets:CurrentAssets:Bank:KpayBank -164.00 HKD
  type: "Bill Payment"
  sourceId: "58c7b6b1-4a21-4458-aa31-e37a71d4e051"
  referenceNo: "937"
  orderId: "6f0e1e4c-aa76-4c00-8a7e-54b6997777a2"
2024-02-16 * "998 12345821 (KPAY) [5a706f32-7edc-48d8-ae47-62fee1e8bba1]" "Bill Payment for Bill #938 #ac967547-c662-4de1-9239-400bada5d51a"
  Liabilities:CurrentLiabilities:AccountPayable 107.65 HKD
  contact: "998 12345821 (KPAY) [5a706f32-7edc-48d8-ae47-62fee1e8bba1]"
  type: "Bill Payment"
  sourceId: "ac967547-c662-4de1-9239-400bada5d51a"
  referenceNo: "938"
  orderId: "90b0b16b-a60b-4512-a64c-f0a64e1f9bea"
  Assets:CurrentAssets:Bank:KpayBank -107.65 HKD
  type: "Bill Payment"
  sourceId: "ac967547-c662-4de1-9239-400bada5d51a"
  referenceNo: "938"
  orderId: "90b0b16b-a60b-4512-a64c-f0a64e1f9bea"
2024-02-17 * "Invoice #369 AA39234 - TOUR"
  Income:Sales:SalesItem:SellGoldJewelry -3221.90 CNY
  category: "Gold Jewelry"
  sku: "DD2310200000000000000233"
  qty: 1
  referenceNo: "369"
  orderId: "fc84e935-62e7-4ba0-8a23-0845a9b5b142"
  type: "Invoice Item"
  sourceId: "d3f0c9fe-000c-43b7-9a12-97f1a452deaf"
  Income:Sales:SalesItem:SellGoldJewelry -2333.10 CNY
  category: "Gold Jewelry"
  sku: "DD2310200000000000000125"
  qty: 1
  referenceNo: "369"
  orderId: "fc84e935-62e7-4ba0-8a23-0845a9b5b142"
  type: "Invoice Item"
  sourceId: "f391de39-deda-4064-bc65-b5844e360a29"
  Assets:CurrentAssets:AccountReceivable
  referenceNo: "369"
  orderId: "fc84e935-62e7-4ba0-8a23-0845a9b5b142"
  type: "Invoice"
  sourceId: "fc84e935-62e7-4ba0-8a23-0845a9b5b142"
  contact: "880 802 (Walkin) [42348712-7daa-4c29-93b7-756b472429a4]"
2024-02-17 * "Invoice #370 TOUR"
  Income:Sales:SalesItem:SellGoldJewelry -2380.00 HKD
  category: "Gold Jewelry"
  sku: "DDFF23051706000000000010"
  qty: 1
  referenceNo: "370"
  orderId: "c904bc99-fb1a-447b-a2a7-ce38166d926a"
  type: "Invoice Item"
  sourceId: "29dc074d-135e-45a0-b78e-25b277d0e236"
  Assets:CurrentAssets:AccountReceivable
  referenceNo: "370"
  orderId: "c904bc99-fb1a-447b-a2a7-ce38166d926a"
  type: "Invoice"
  sourceId: "c904bc99-fb1a-447b-a2a7-ce38166d926a"
  contact: "880 802 (Walkin) [42348712-7daa-4c29-93b7-756b472429a4]"
2024-02-17 * "Assets:CurrentAssets:Cash:CashInHand" "Invoice Payment for Invoice #370 #0a305eb4-f3cd-47b5-bfc4-b6cc4bba2b12"
  Assets:CurrentAssets:Cash:CashInHand 2380.00 HKD
  type: "Invoice Payment"
  sourceId: "0a305eb4-f3cd-47b5-bfc4-b6cc4bba2b12"
  referenceNo: "370"
  orderId: "c904bc99-fb1a-447b-a2a7-ce38166d926a"
  Assets:CurrentAssets:AccountReceivable -2380.00 HKD
  type: "Invoice Payment"
  sourceId: "0a305eb4-f3cd-47b5-bfc4-b6cc4bba2b12"
  referenceNo: "370"
  orderId: "c904bc99-fb1a-447b-a2a7-ce38166d926a"
  contact: "880 802 (Walkin) [42348712-7daa-4c29-93b7-756b472429a4]"
2024-02-17 * "Assets:CurrentAssets:Cash:CashInHand" "Invoice Payment for Invoice #369 #3b43b205-cac4-4340-bab3-ee098fd9b493"
  Assets:CurrentAssets:Cash:CashInHand 5555.00 CNY
  type: "Invoice Payment"
  sourceId: "3b43b205-cac4-4340-bab3-ee098fd9b493"
  referenceNo: "369"
  orderId: "fc84e935-62e7-4ba0-8a23-0845a9b5b142"
  Assets:CurrentAssets:AccountReceivable -5555.00 CNY
  type: "Invoice Payment"
  sourceId: "3b43b205-cac4-4340-bab3-ee098fd9b493"
  referenceNo: "369"
  orderId: "fc84e935-62e7-4ba0-8a23-0845a9b5b142"
  contact: "880 802 (Walkin) [42348712-7daa-4c29-93b7-756b472429a4]"
2024-02-19 * "Invoice #371 AA39236"
  Income:Sales:SalesItem:SellGoldJewelry -1240.00 HKD
  category: "Gold Jewelry"
  sku: "DD2310200000000000000076"
  qty: 1
  referenceNo: "371"
  orderId: "baacb773-8b47-4277-aa80-fea050384236"
  type: "Invoice Item"
  sourceId: "91e4594d-12f0-4268-8fd8-16a94d235d06"
  Assets:CurrentAssets:AccountReceivable
  referenceNo: "371"
  orderId: "baacb773-8b47-4277-aa80-fea050384236"
  type: "Invoice"
  sourceId: "baacb773-8b47-4277-aa80-fea050384236"
  contact: "880 802 (Walkin) [42348712-7daa-4c29-93b7-756b472429a4]"
2024-02-19 * "Bill #1017 G17電費(2024-1月)"
  referenceNo: "1017"
  orderId: "307f143d-ca48-43c5-a8c3-0623e204e471"
  type: "Bill"
  Expenses:GeneralExpense:ElectricityLightHeating 1899.00 HKD
  qty: "1"
  description: "G17電費(2024-1月)"
  referenceNo: "1017"
  orderId: "307f143d-ca48-43c5-a8c3-0623e204e471"
  type: "Bill Item"
  sourceId: "7933489d-33dd-4279-b2de-f4bd38b8a0e3"
  Liabilities:CurrentLiabilities:AccountPayable
  referenceNo: "1017"
  orderId: "307f143d-ca48-43c5-a8c3-0623e204e471"
  type: "Bill"
  sourceId: "307f143d-ca48-43c5-a8c3-0623e204e471"
  contact: "880 806 ()"
2024-02-19 * "Bill #939 kpay123"
  referenceNo: "939"
  orderId: "3e6c6d37-6936-4e7b-a90d-6b3281d13645"
  type: "Bill"
  Expenses:GeneralExpense:CardFeeExpense 161.81 HKD
  qty: "1"
  description: "13401 - 13239.19 = 161.81"
  referenceNo: "939"
  orderId: "3e6c6d37-6936-4e7b-a90d-6b3281d13645"
  type: "Bill Item"
  sourceId: "558b5252-191c-4568-8547-82a0fc3dc966"
  Liabilities:CurrentLiabilities:AccountPayable
  referenceNo: "939"
  orderId: "3e6c6d37-6936-4e7b-a90d-6b3281d13645"
  type: "Bill"
  sourceId: "3e6c6d37-6936-4e7b-a90d-6b3281d13645"
  contact: "998 12345821 (KPAY)"
2024-02-19 * "Assets:CurrentAssets:Cash:CashInHand" "Invoice Payment for Invoice #371 #d7ac2851-99c1-46bb-9d49-46761165774b"
  Assets:CurrentAssets:Cash:CashInHand 1240.00 HKD
  type: "Invoice Payment"
  sourceId: "d7ac2851-99c1-46bb-9d49-46761165774b"
  referenceNo: "371"
  orderId: "baacb773-8b47-4277-aa80-fea050384236"
  Assets:CurrentAssets:AccountReceivable -1240.00 HKD
  type: "Invoice Payment"
  sourceId: "d7ac2851-99c1-46bb-9d49-46761165774b"
  referenceNo: "371"
  orderId: "baacb773-8b47-4277-aa80-fea050384236"
  contact: "880 802 (Walkin) [42348712-7daa-4c29-93b7-756b472429a4]"
2024-02-19 * "880 806 () [53b8789a-4451-4a1f-84f7-a9c5da7ada1a]" "Bill Payment for Bill #1017 #27b7b897-e328-4cb9-9e87-359e7ac80e44"
  Liabilities:CurrentLiabilities:AccountPayable 1899.00 HKD
  contact: "880 806 () [53b8789a-4451-4a1f-84f7-a9c5da7ada1a]"
  type: "Bill Payment"
  sourceId: "27b7b897-e328-4cb9-9e87-359e7ac80e44"
  referenceNo: "1017"
  orderId: "307f143d-ca48-43c5-a8c3-0623e204e471"
  Liabilities:CurrentLiabilities:CurrentAccount:C-a-MilrichElectronicsHkCoLtd -1899.00 HKD
  type: "Bill Payment"
  sourceId: "27b7b897-e328-4cb9-9e87-359e7ac80e44"
  referenceNo: "1017"
  orderId: "307f143d-ca48-43c5-a8c3-0623e204e471"
2024-02-19 * "998 12345821 (KPAY) [5a706f32-7edc-48d8-ae47-62fee1e8bba1]" "Bill Payment for Bill #939 #53172d09-261e-4bb2-8aff-b37812d1cefe"
  Liabilities:CurrentLiabilities:AccountPayable 161.81 HKD
  contact: "998 12345821 (KPAY) [5a706f32-7edc-48d8-ae47-62fee1e8bba1]"
  type: "Bill Payment"
  sourceId: "53172d09-261e-4bb2-8aff-b37812d1cefe"
  referenceNo: "939"
  orderId: "3e6c6d37-6936-4e7b-a90d-6b3281d13645"
  Assets:CurrentAssets:Bank:KpayBank -161.81 HKD
  type: "Bill Payment"
  sourceId: "53172d09-261e-4bb2-8aff-b37812d1cefe"
  referenceNo: "939"
  orderId: "3e6c6d37-6936-4e7b-a90d-6b3281d13645"
2024-02-20 * "Bill #940 kpay124"
  referenceNo: "940"
  orderId: "c9a28590-0110-4a17-8679-5addfb104742"
  type: "Bill"
  Expenses:GeneralExpense:CardFeeExpense 57.16 HKD
  qty: "1"
  description: "4680 - 4622.84 = 57.16"
  referenceNo: "940"
  orderId: "c9a28590-0110-4a17-8679-5addfb104742"
  type: "Bill Item"
  sourceId: "66acbeb4-0789-40ca-a5c1-802b9bd41a8c"
  Liabilities:CurrentLiabilities:AccountPayable
  referenceNo: "940"
  orderId: "c9a28590-0110-4a17-8679-5addfb104742"
  type: "Bill"
  sourceId: "c9a28590-0110-4a17-8679-5addfb104742"
  contact: "998 12345821 (KPAY)"
2024-02-20 * "998 12345821 (KPAY) [5a706f32-7edc-48d8-ae47-62fee1e8bba1]" "Bill Payment for Bill #940 #6ad54151-cd9d-4001-bd45-633a0852294e"
  Liabilities:CurrentLiabilities:AccountPayable 57.16 HKD
  contact: "998 12345821 (KPAY) [5a706f32-7edc-48d8-ae47-62fee1e8bba1]"
  type: "Bill Payment"
  sourceId: "6ad54151-cd9d-4001-bd45-633a0852294e"
  referenceNo: "940"
  orderId: "c9a28590-0110-4a17-8679-5addfb104742"
  Assets:CurrentAssets:Bank:KpayBank -57.16 HKD
  type: "Bill Payment"
  sourceId: "6ad54151-cd9d-4001-bd45-633a0852294e"
  referenceNo: "940"
  orderId: "c9a28590-0110-4a17-8679-5addfb104742"
2024-02-21 * "Invoice #376 "
  Income:Sales:SalesItem:SellGoldJewelry -1556.00 HKD
  category: "Gold Jewelry"
  sku: "DD2310200000000000000022"
  qty: 1
  referenceNo: "376"
  orderId: "91ff19be-de5d-41a0-a98c-e0ee0c5cef87"
  type: "Invoice Item"
  sourceId: "e5ab7142-f27b-4204-89d0-f2d9665bc17e"
  Assets:CurrentAssets:AccountReceivable
  referenceNo: "376"
  orderId: "91ff19be-de5d-41a0-a98c-e0ee0c5cef87"
  type: "Invoice"
  sourceId: "91ff19be-de5d-41a0-a98c-e0ee0c5cef87"
  contact: "880 802 (Walkin) [42348712-7daa-4c29-93b7-756b472429a4]"
2024-02-21 * "Invoice #377 "
  Income:Sales:SalesItem:SellGoldJewelry -2166.00 HKD
  category: "Gold Jewelry"
  sku: "DDFF2305120A000000000033"
  qty: 1
  referenceNo: "377"
  orderId: "443c9247-f17b-45a5-98df-7832c827b6dd"
  type: "Invoice Item"
  sourceId: "8573040b-cef2-41fe-9c49-b87a54991233"
  Assets:CurrentAssets:AccountReceivable
  referenceNo: "377"
  orderId: "443c9247-f17b-45a5-98df-7832c827b6dd"
  type: "Invoice"
  sourceId: "443c9247-f17b-45a5-98df-7832c827b6dd"
  contact: "880 802 (Walkin) [42348712-7daa-4c29-93b7-756b472429a4]"
2024-02-21 * "Bill #942 G17 03月2024 租金"
  referenceNo: "942"
  orderId: "422f0638-09c4-44be-a850-b844c4c840e4"
  type: "Bill"
  Expenses:GeneralExpense:Rent 48000.00 HKD
  qty: "1"
  description: "G17 03月2024 租金"
  referenceNo: "942"
  orderId: "422f0638-09c4-44be-a850-b844c4c840e4"
  type: "Bill Item"
  sourceId: "35443452-0be1-40d2-adbe-2d38642d0170"
  Liabilities:CurrentLiabilities:AccountPayable
  referenceNo: "942"
  orderId: "422f0638-09c4-44be-a850-b844c4c840e4"
  type: "Bill"
  sourceId: "422f0638-09c4-44be-a850-b844c4c840e4"
  contact: "880 806 ()"
2024-02-21 * "Bill #941 02月2024年MPF"
  referenceNo: "941"
  orderId: "a35f145c-9703-499d-962e-2883422f395c"
  type: "Bill"
  Expenses:GeneralExpense:Mpf 7100.00 HKD
  qty: "1"
  description: " 02月2024年MPF"
  referenceNo: "941"
  orderId: "a35f145c-9703-499d-962e-2883422f395c"
  type: "Bill Item"
  sourceId: "a86c198e-b0e9-4244-b4ab-648c54944906"
  Liabilities:CurrentLiabilities:AccountPayable
  referenceNo: "941"
  orderId: "a35f145c-9703-499d-962e-2883422f395c"
  type: "Bill"
  sourceId: "a35f145c-9703-499d-962e-2883422f395c"
  contact: "880 806 ()"
2024-02-21 * "Bill #1021 ELMA GOLD換改名收費"
  referenceNo: "1021"
  orderId: "cdb5b7f6-6d34-4497-ad9a-6e7548b85ce4"
  type: "Bill"
  Expenses:GeneralExpense:LegalAndProfessionalFee 1295.00 HKD
  qty: "1"
  description: "ELMA GOLD換改名收費"
  referenceNo: "1021"
  orderId: "cdb5b7f6-6d34-4497-ad9a-6e7548b85ce4"
  type: "Bill Item"
  sourceId: "fc504afc-6c8b-4302-8c24-9774805c1228"
  Liabilities:CurrentLiabilities:AccountPayable
  referenceNo: "1021"
  orderId: "cdb5b7f6-6d34-4497-ad9a-6e7548b85ce4"
  type: "Bill"
  sourceId: "cdb5b7f6-6d34-4497-ad9a-6e7548b85ce4"
  contact: "880 806 ()"
2024-02-21 * "Assets:CurrentAssets:Cash:CashInHand" "Invoice Payment for Invoice #376 #a71ea404-45c7-4575-b631-65de80822dfa"
  Assets:CurrentAssets:Cash:CashInHand 1556.00 HKD
  type: "Invoice Payment"
  sourceId: "a71ea404-45c7-4575-b631-65de80822dfa"
  referenceNo: "376"
  orderId: "91ff19be-de5d-41a0-a98c-e0ee0c5cef87"
  Assets:CurrentAssets:AccountReceivable -1556.00 HKD
  type: "Invoice Payment"
  sourceId: "a71ea404-45c7-4575-b631-65de80822dfa"
  referenceNo: "376"
  orderId: "91ff19be-de5d-41a0-a98c-e0ee0c5cef87"
  contact: "880 802 (Walkin) [42348712-7daa-4c29-93b7-756b472429a4]"
2024-02-21 * "Assets:CurrentAssets:Cash:CashInHand" "Invoice Payment for Invoice #377 #2e7fa786-82dd-44c1-9feb-c3c19df0fa58"
  Assets:CurrentAssets:Cash:CashInHand 2166.00 HKD
  type: "Invoice Payment"
  sourceId: "2e7fa786-82dd-44c1-9feb-c3c19df0fa58"
  referenceNo: "377"
  orderId: "443c9247-f17b-45a5-98df-7832c827b6dd"
  Assets:CurrentAssets:AccountReceivable -2166.00 HKD
  type: "Invoice Payment"
  sourceId: "2e7fa786-82dd-44c1-9feb-c3c19df0fa58"
  referenceNo: "377"
  orderId: "443c9247-f17b-45a5-98df-7832c827b6dd"
  contact: "880 802 (Walkin) [42348712-7daa-4c29-93b7-756b472429a4]"
2024-02-21 * "880 806 () [53b8789a-4451-4a1f-84f7-a9c5da7ada1a]" "Bill Payment for Bill #941 #76a7b25f-e6d7-4c22-8276-c91cb503e3ec"
  Liabilities:CurrentLiabilities:AccountPayable 7100.00 HKD
  contact: "880 806 () [53b8789a-4451-4a1f-84f7-a9c5da7ada1a]"
  type: "Bill Payment"
  sourceId: "76a7b25f-e6d7-4c22-8276-c91cb503e3ec"
  referenceNo: "941"
  orderId: "a35f145c-9703-499d-962e-2883422f395c"
  Assets:CurrentAssets:Bank:BocCurrentBank -7100.00 HKD
  type: "Bill Payment"
  sourceId: "76a7b25f-e6d7-4c22-8276-c91cb503e3ec"
  referenceNo: "941"
  orderId: "a35f145c-9703-499d-962e-2883422f395c"
2024-02-21 * "880 806 () [53b8789a-4451-4a1f-84f7-a9c5da7ada1a]" "Bill Payment for Bill #942 #6f10f013-c04f-4774-b628-978a783ad8d6"
  Liabilities:CurrentLiabilities:AccountPayable 48000.00 HKD
  contact: "880 806 () [53b8789a-4451-4a1f-84f7-a9c5da7ada1a]"
  type: "Bill Payment"
  sourceId: "6f10f013-c04f-4774-b628-978a783ad8d6"
  referenceNo: "942"
  orderId: "422f0638-09c4-44be-a850-b844c4c840e4"
  Assets:CurrentAssets:Bank:BocCurrentBank -48000.00 HKD
  type: "Bill Payment"
  sourceId: "6f10f013-c04f-4774-b628-978a783ad8d6"
  referenceNo: "942"
  orderId: "422f0638-09c4-44be-a850-b844c4c840e4"
2024-02-22 * "Bill #989 淘寶雜類 (24年2月) (paid by visa)"
  referenceNo: "989"
  orderId: "efa18944-5b73-4f5d-8b47-f277732aec32"
  type: "Bill"
  Expenses:GeneralExpense:Subscriptions 78.00 HKD
  qty: "1"
  description: "Microsoft*Microsoft (1.26)"
  referenceNo: "989"
  orderId: "efa18944-5b73-4f5d-8b47-f277732aec32"
  type: "Bill Item"
  sourceId: "97751a69-0b5a-4577-a05a-e5a74b3640b0"
  Expenses:GeneralExpense:Subscriptions 919.63 HKD
  qty: "1"
  description: "LAYERSTACK"
  referenceNo: "989"
  orderId: "efa18944-5b73-4f5d-8b47-f277732aec32"
  type: "Bill Item"
  sourceId: "f9f8af28-21af-4833-a82f-68036df21a70"
  Expenses:GeneralExpense:GeneralExpensesDirect 656.92 HKD
  qty: "1"
  description: "淘寶雜類"
  referenceNo: "989"
  orderId: "efa18944-5b73-4f5d-8b47-f277732aec32"
  type: "Bill Item"
  sourceId: "201b0b1f-aef5-4b49-b7b8-4db3b4314b7b"
  Liabilities:CurrentLiabilities:AccountPayable
  referenceNo: "989"
  orderId: "efa18944-5b73-4f5d-8b47-f277732aec32"
  type: "Bill"
  sourceId: "efa18944-5b73-4f5d-8b47-f277732aec32"
  contact: "880 806 ()"
2024-02-22 * "880 806 () [53b8789a-4451-4a1f-84f7-a9c5da7ada1a]" "Bill Payment for Bill #989 #aa31ff2c-51a0-49b4-8635-2c11e1d04011"
  Liabilities:CurrentLiabilities:AccountPayable 1654.55 HKD
  contact: "880 806 () [53b8789a-4451-4a1f-84f7-a9c5da7ada1a]"
  type: "Bill Payment"
  sourceId: "aa31ff2c-51a0-49b4-8635-2c11e1d04011"
  referenceNo: "989"
  orderId: "efa18944-5b73-4f5d-8b47-f277732aec32"
  Assets:CurrentAssets:Bank:BocVisaCard-DavidBank -1654.55 HKD
  type: "Bill Payment"
  sourceId: "aa31ff2c-51a0-49b4-8635-2c11e1d04011"
  referenceNo: "989"
  orderId: "efa18944-5b73-4f5d-8b47-f277732aec32"
2024-02-23 * "Bill #1463 (19/02-23/02)1week 317kg*8= 2536usdt"
  referenceNo: "1463"
  orderId: "64ea0b3e-ec72-447b-8cce-011610ee3cfd"
  type: "Bill"
  Expenses:GeneralExpense:MetalTransportationFee 2536.00 USDT
  qty: "317"
  description: ""
  referenceNo: "1463"
  orderId: "64ea0b3e-ec72-447b-8cce-011610ee3cfd"
  type: "Bill Item"
  sourceId: "192f6729-7c06-4c36-a70b-3304a73dac0c"
  Liabilities:CurrentLiabilities:AccountPayable
  referenceNo: "1463"
  orderId: "64ea0b3e-ec72-447b-8cce-011610ee3cfd"
  type: "Bill"
  sourceId: "64ea0b3e-ec72-447b-8cce-011610ee3cfd"
  contact: "82 10063988492 ()"
2024-02-23 * "82 10063988492 () [2d630467-4741-4a05-854d-e05b52b867d2]" "Bill Payment for Bill #1463 #bf52cc91-df2e-450c-9d99-5aa25dbf82d6"
  Liabilities:CurrentLiabilities:AccountPayable 2536.00 USDT
  contact: "82 10063988492 () [2d630467-4741-4a05-854d-e05b52b867d2]"
  type: "Bill Payment"
  sourceId: "bf52cc91-df2e-450c-9d99-5aa25dbf82d6"
  referenceNo: "1463"
  orderId: "64ea0b3e-ec72-447b-8cce-011610ee3cfd"
  Assets:CurrentAssets:Wallet:DkkCWallet金料 -2536.00 USDT
  type: "Bill Payment"
  sourceId: "bf52cc91-df2e-450c-9d99-5aa25dbf82d6"
  referenceNo: "1463"
  orderId: "64ea0b3e-ec72-447b-8cce-011610ee3cfd"
2024-02-24 * "Invoice #379 AA40006"
  Income:Sales:SalesItem:Sell18kJewelry -14300.00 HKD
  category: "Jewelry"
  sku: "DDFF23062106000000000011"
  qty: 1
  referenceNo: "379"
  orderId: "a75af650-6475-41f8-93fc-7fc05aac9efd"
  type: "Invoice Item"
  sourceId: "c8e3277c-69b3-4732-8deb-59f63743ad7d"
  Assets:CurrentAssets:AccountReceivable
  referenceNo: "379"
  orderId: "a75af650-6475-41f8-93fc-7fc05aac9efd"
  type: "Invoice"
  sourceId: "a75af650-6475-41f8-93fc-7fc05aac9efd"
  contact: "852 64326261 (MS.HOG) [ea8dbe20-e061-454b-b596-5d289431a0e7]"
2024-02-24 * "Invoice #378 "
  Income:Sales:SalesItem:SellGoldJewelry -4510.00 HKD
  category: "Gold Jewelry"
  sku: "DD2310200000000000000095"
  qty: 1
  referenceNo: "378"
  orderId: "51f73465-b129-4fdb-a9ae-d3ebe7c81f55"
  type: "Invoice Item"
  sourceId: "3c05fcb1-b5cd-41ac-9e10-a42f612be74f"
  Income:Sales:SalesItem:SellGoldJewelry -50.00 HKD
  category: "Jewelry"
  sku: "HM000003"
  qty: 1
  referenceNo: "378"
  orderId: "51f73465-b129-4fdb-a9ae-d3ebe7c81f55"
  type: "Invoice Item"
  sourceId: "cef625d4-cbf7-42ef-95c2-71423fd0aa69"
  Assets:CurrentAssets:AccountReceivable
  referenceNo: "378"
  orderId: "51f73465-b129-4fdb-a9ae-d3ebe7c81f55"
  type: "Invoice"
  sourceId: "51f73465-b129-4fdb-a9ae-d3ebe7c81f55"
  contact: "852 66760502 (MSJIA) [ba146840-0727-4560-a586-a093f3a23307]"
2024-02-24 * "Assets:CurrentAssets:Bank:KpayBank" "Invoice Payment for Invoice #379 #b5f94e48-36bd-4973-9a5e-edd3592e2f03"
  Assets:CurrentAssets:Bank:KpayBank 14300.00 HKD
  type: "Invoice Payment"
  sourceId: "b5f94e48-36bd-4973-9a5e-edd3592e2f03"
  referenceNo: "379"
  orderId: "a75af650-6475-41f8-93fc-7fc05aac9efd"
  Assets:CurrentAssets:AccountReceivable -14300.00 HKD
  type: "Invoice Payment"
  sourceId: "b5f94e48-36bd-4973-9a5e-edd3592e2f03"
  referenceNo: "379"
  orderId: "a75af650-6475-41f8-93fc-7fc05aac9efd"
  contact: "852 64326261 (MS.HOG) [ea8dbe20-e061-454b-b596-5d289431a0e7]"
2024-02-24 * "Assets:CurrentAssets:Bank:KpayBank" "Invoice Payment for Invoice #378 #261987a8-73e8-4529-b64d-519fca034326"
  Assets:CurrentAssets:Bank:KpayBank 4560.00 HKD
  type: "Invoice Payment"
  sourceId: "261987a8-73e8-4529-b64d-519fca034326"
  referenceNo: "378"
  orderId: "51f73465-b129-4fdb-a9ae-d3ebe7c81f55"
  Assets:CurrentAssets:AccountReceivable -4560.00 HKD
  type: "Invoice Payment"
  sourceId: "261987a8-73e8-4529-b64d-519fca034326"
  referenceNo: "378"
  orderId: "51f73465-b129-4fdb-a9ae-d3ebe7c81f55"
  contact: "852 66760502 (MSJIA) [ba146840-0727-4560-a586-a093f3a23307]"
2024-02-27 * "Bill #943 AE Credit Card payment (24年02月)"
  referenceNo: "943"
  orderId: "3a99b5e7-8932-42e5-ae9f-c10e4f012043"
  type: "Bill"
  Expenses:GeneralExpense:Subscriptions 478.68 HKD
  qty: "1"
  description: "DUO.COM -2.2 (usd 60)"
  referenceNo: "943"
  orderId: "3a99b5e7-8932-42e5-ae9f-c10e4f012043"
  type: "Bill Item"
  sourceId: "67aae939-03d8-49e2-9a72-4b4e880e0cd8"
  Expenses:GeneralExpense:AdvertisingAndBranding 2948.05 HKD
  qty: "1"
  description: "FACEBOOK - 2.13"
  referenceNo: "943"
  orderId: "3a99b5e7-8932-42e5-ae9f-c10e4f012043"
  type: "Bill Item"
  sourceId: "19879d55-05a6-4863-bfb3-61132a20af8c"
  Expenses:GeneralExpense:AdvertisingAndBranding 757.86 HKD
  qty: "1"
  description: "CRISP - 2.4 (95 USD)"
  referenceNo: "943"
  orderId: "3a99b5e7-8932-42e5-ae9f-c10e4f012043"
  type: "Bill Item"
  sourceId: "f874eaad-4e86-4787-959d-9d459a388b8c"
  Expenses:GeneralExpense:BankFeesExpense 2.10 HKD
  qty: "1"
  description: "Bank Fee"
  referenceNo: "943"
  orderId: "3a99b5e7-8932-42e5-ae9f-c10e4f012043"
  type: "Bill Item"
  sourceId: "1d7ca042-7116-49fa-b837-920ce175f7ea"
  Liabilities:CurrentLiabilities:AccountPayable
  referenceNo: "943"
  orderId: "3a99b5e7-8932-42e5-ae9f-c10e4f012043"
  type: "Bill"
  sourceId: "3a99b5e7-8932-42e5-ae9f-c10e4f012043"
  contact: "880 806 ()"
2024-02-27 * "880 806 () [53b8789a-4451-4a1f-84f7-a9c5da7ada1a]" "Bill Payment for Bill #943 #4257fa47-055d-4ba5-b3de-ca3d495a27ae"
  Liabilities:CurrentLiabilities:AccountPayable 4184.59 HKD
  contact: "880 806 () [53b8789a-4451-4a1f-84f7-a9c5da7ada1a]"
  type: "Bill Payment"
  sourceId: "4257fa47-055d-4ba5-b3de-ca3d495a27ae"
  referenceNo: "943"
  orderId: "3a99b5e7-8932-42e5-ae9f-c10e4f012043"
  Assets:CurrentAssets:Bank:BocSavingBank -4184.59 HKD
  type: "Bill Payment"
  sourceId: "4257fa47-055d-4ba5-b3de-ca3d495a27ae"
  referenceNo: "943"
  orderId: "3a99b5e7-8932-42e5-ae9f-c10e4f012043"
2024-02-28 * "Bill #1018 G17上網(2024-3月)"
  referenceNo: "1018"
  orderId: "b983e9b9-ca23-4986-9a65-91ca9b8de17d"
  type: "Bill"
  Expenses:GeneralExpense:TelephoneAndInternetAndAlarm 338.00 HKD
  qty: "1"
  description: "G17上網(2024-3月)"
  referenceNo: "1018"
  orderId: "b983e9b9-ca23-4986-9a65-91ca9b8de17d"
  type: "Bill Item"
  sourceId: "cf8cd38c-034b-422c-b73f-05c3f2ffcfeb"
  Liabilities:CurrentLiabilities:AccountPayable
  referenceNo: "1018"
  orderId: "b983e9b9-ca23-4986-9a65-91ca9b8de17d"
  type: "Bill"
  sourceId: "b983e9b9-ca23-4986-9a65-91ca9b8de17d"
  contact: "880 806 ()"
2024-02-29 * "Invoice #375 BANK INTEREST"
  Income:OtherIncome:Interest-bank -161.85 HKD
  description: "BANK INTEREST"
  qty: 1
  referenceNo: "375"
  orderId: "0830f215-b1d6-4ccc-8836-d2b051567739"
  type: "Invoice Item"
  sourceId: "44ee87e6-8e7a-4842-94b8-29dce1330daa"
  Assets:CurrentAssets:AccountReceivable
  referenceNo: "375"
  orderId: "0830f215-b1d6-4ccc-8836-d2b051567739"
  type: "Invoice"
  sourceId: "0830f215-b1d6-4ccc-8836-d2b051567739"
  contact: "998 12345835 (boc(bankofchina)) [82f385a7-d238-4826-9a12-e06648f93cdb]"
2024-02-29 * "Invoice #456 Income of Hedging(金) 2024-02"
  Income:OtherIncome:IncomeOfHedging金 -14833.74 USDT
  description: "Closed Trade P/L"
  qty: 1
  referenceNo: "456"
  orderId: "462b1565-31c8-4c16-b18c-30da4956da3b"
  type: "Invoice Item"
  sourceId: "cbc0ea27-857f-48b4-9ae9-3e29a54ff979"
  Assets:CurrentAssets:AccountReceivable
  referenceNo: "456"
  orderId: "462b1565-31c8-4c16-b18c-30da4956da3b"
  type: "Invoice"
  sourceId: "462b1565-31c8-4c16-b18c-30da4956da3b"
  contact: "852 666666 (icmarket) [666112b8-2856-4ed8-8370-eb4b911be7b5]"
2024-02-29 * "Bill #945 SALARY 24年2月"
  referenceNo: "945"
  orderId: "5e226495-bcfa-4224-86d5-95a625be5c97"
  type: "Bill"
  Expenses:GeneralExpense:WagesAndSalaries 67450.00 HKD
  qty: "1"
  description: "SALARY 24年2月"
  referenceNo: "945"
  orderId: "5e226495-bcfa-4224-86d5-95a625be5c97"
  type: "Bill Item"
  sourceId: "38356e76-f30f-4c34-9bd0-bc92c010545b"
  Liabilities:CurrentLiabilities:AccountPayable
  referenceNo: "945"
  orderId: "5e226495-bcfa-4224-86d5-95a625be5c97"
  type: "Bill"
  sourceId: "5e226495-bcfa-4224-86d5-95a625be5c97"
  contact: "880 806 ()"
2024-02-29 * "Bill #944 kpay125"
  referenceNo: "944"
  orderId: "6765aea4-aedb-487c-ae50-e4774aa903a2"
  type: "Bill"
  Expenses:GeneralExpense:CardFeeExpense 283.90 HKD
  qty: "1"
  description: "18860 - 18576.10 = 283.90"
  referenceNo: "944"
  orderId: "6765aea4-aedb-487c-ae50-e4774aa903a2"
  type: "Bill Item"
  sourceId: "986060ec-97ac-43cc-adc0-ef130fc09075"
  Liabilities:CurrentLiabilities:AccountPayable
  referenceNo: "944"
  orderId: "6765aea4-aedb-487c-ae50-e4774aa903a2"
  type: "Bill"
  sourceId: "6765aea4-aedb-487c-ae50-e4774aa903a2"
  contact: "998 12345821 (KPAY)"
2024-02-29 * "Assets:CurrentAssets:E-tradingPlatform:Mt4320039271金" "Invoice Payment for Invoice #456 #e7c24554-8d65-45b8-bb4a-c557c224335a"
  Assets:CurrentAssets:E-tradingPlatform:Mt4320039271金 14833.74 USDT
  type: "Invoice Payment"
  sourceId: "e7c24554-8d65-45b8-bb4a-c557c224335a"
  referenceNo: "456"
  orderId: "462b1565-31c8-4c16-b18c-30da4956da3b"
  Assets:CurrentAssets:AccountReceivable -14833.74 USDT
  type: "Invoice Payment"
  sourceId: "e7c24554-8d65-45b8-bb4a-c557c224335a"
  referenceNo: "456"
  orderId: "462b1565-31c8-4c16-b18c-30da4956da3b"
  contact: "852 666666 (icmarket) [666112b8-2856-4ed8-8370-eb4b911be7b5]"
2024-02-29 * "Assets:CurrentAssets:Bank:BocSavingBank" "Invoice Payment for Invoice #375 #bc106f49-8239-4c76-b975-4959aa2d084d"
  Assets:CurrentAssets:Bank:BocSavingBank 161.85 HKD
  type: "Invoice Payment"
  sourceId: "bc106f49-8239-4c76-b975-4959aa2d084d"
  referenceNo: "375"
  orderId: "0830f215-b1d6-4ccc-8836-d2b051567739"
  Assets:CurrentAssets:AccountReceivable -161.85 HKD
  type: "Invoice Payment"
  sourceId: "bc106f49-8239-4c76-b975-4959aa2d084d"
  referenceNo: "375"
  orderId: "0830f215-b1d6-4ccc-8836-d2b051567739"
  contact: "998 12345835 (boc(bankofchina)) [82f385a7-d238-4826-9a12-e06648f93cdb]"
2024-02-29 * "880 806 () [53b8789a-4451-4a1f-84f7-a9c5da7ada1a]" "Bill Payment for Bill #943 #c3395450-fad1-4912-b90d-3a04fce9459a"
  Liabilities:CurrentLiabilities:AccountPayable 2.10 HKD
  contact: "880 806 () [53b8789a-4451-4a1f-84f7-a9c5da7ada1a]"
  type: "Bill Payment"
  sourceId: "c3395450-fad1-4912-b90d-3a04fce9459a"
  referenceNo: "943"
  orderId: "3a99b5e7-8932-42e5-ae9f-c10e4f012043"
  Assets:CurrentAssets:Bank:BocSavingBank -2.10 HKD
  type: "Bill Payment"
  sourceId: "c3395450-fad1-4912-b90d-3a04fce9459a"
  referenceNo: "943"
  orderId: "3a99b5e7-8932-42e5-ae9f-c10e4f012043"
2024-02-29 * "998 12345821 (KPAY) [5a706f32-7edc-48d8-ae47-62fee1e8bba1]" "Bill Payment for Bill #944 #c751603a-e12f-4cd1-887d-5605bf1d5c06"
  Liabilities:CurrentLiabilities:AccountPayable 283.90 HKD
  contact: "998 12345821 (KPAY) [5a706f32-7edc-48d8-ae47-62fee1e8bba1]"
  type: "Bill Payment"
  sourceId: "c751603a-e12f-4cd1-887d-5605bf1d5c06"
  referenceNo: "944"
  orderId: "6765aea4-aedb-487c-ae50-e4774aa903a2"
  Assets:CurrentAssets:Bank:KpayBank -283.90 HKD
  type: "Bill Payment"
  sourceId: "c751603a-e12f-4cd1-887d-5605bf1d5c06"
  referenceNo: "944"
  orderId: "6765aea4-aedb-487c-ae50-e4774aa903a2"
2024-02-29 * "880 806 () [53b8789a-4451-4a1f-84f7-a9c5da7ada1a]" "Bill Payment for Bill #945 #be1fd864-7c9d-4e89-aeff-0ab6ecbad3fa"
  Liabilities:CurrentLiabilities:AccountPayable 67450.00 HKD
  contact: "880 806 () [53b8789a-4451-4a1f-84f7-a9c5da7ada1a]"
  type: "Bill Payment"
  sourceId: "be1fd864-7c9d-4e89-aeff-0ab6ecbad3fa"
  referenceNo: "945"
  orderId: "5e226495-bcfa-4224-86d5-95a625be5c97"
  Assets:CurrentAssets:Bank:BocSavingBank -67450.00 HKD
  type: "Bill Payment"
  sourceId: "be1fd864-7c9d-4e89-aeff-0ab6ecbad3fa"
  referenceNo: "945"
  orderId: "5e226495-bcfa-4224-86d5-95a625be5c97"