; ORDER transactions for 2024-10

2024-10-01 * "Invoice #512 Staff~ Vida Stock Gold Jewellery 37.53g d51751dd-a46b-4643-90b2-e72658b8f696"
  Income:Sales:SalesItem:SellGoldJewelry -8300.00 HKD
  category: "Gold Jewelry"
  sku: "DDFF23051202000000000021"
  qty: 1
  referenceNo: "512"
  orderId: "d51751dd-a46b-4643-90b2-e72658b8f696"
  type: "Invoice Item"
  sourceId: "f1731f4e-b1ed-421d-9aad-6f5efcc9cd24"
  Income:Sales:SalesItem:SellGoldJewelry -3000.00 HKD
  category: "Gold Jewelry"
  sku: "DDFF23051201000000000005"
  qty: 1
  referenceNo: "512"
  orderId: "d51751dd-a46b-4643-90b2-e72658b8f696"
  type: "Invoice Item"
  sourceId: "5ce19927-5fdd-4ccc-9daa-52914c52062f"
  Income:Sales:SalesItem:SellGoldJewelry -5000.00 HKD
  category: "Gold Jewelry"
  sku: "DD2310200000000000000235"
  qty: 1
  referenceNo: "512"
  orderId: "d51751dd-a46b-4643-90b2-e72658b8f696"
  type: "Invoice Item"
  sourceId: "a1885f79-a079-4c15-98a1-8f0b74707339"
  Income:Sales:SalesItem:SellGoldJewelry -3800.00 HKD
  category: "Gold Jewelry"
  sku: "DDFF23051201000000000006"
  qty: 1
  referenceNo: "512"
  orderId: "d51751dd-a46b-4643-90b2-e72658b8f696"
  type: "Invoice Item"
  sourceId: "9008d1cc-9334-44e6-aadc-97228c7f2578"
  Income:OtherIncome:HandlingFee -743.00 HKD
  referenceNo: "512"
  orderId: "d51751dd-a46b-4643-90b2-e72658b8f696"
  type: "Invoice Adjustment"
  sourceId: "506876f4-a863-4440-8830-45f9339116e8"
  Assets:CurrentAssets:AccountReceivable
  referenceNo: "512"
  orderId: "d51751dd-a46b-4643-90b2-e72658b8f696"
  type: "Invoice"
  sourceId: "d51751dd-a46b-4643-90b2-e72658b8f696"
  contact: "852 90551171 (VIDA) [e6849602-7837-4c55-9238-f7eacce03b4f]"
2024-10-01 * "Invoice #511 Staff~ Vida Stock Gold Jewellery 56.7g 2a44975e-e1e4-4998-a8bd-883c5ee309db"
  Income:Sales:SalesItem:SellGoldJewelry -8800.00 HKD
  category: "Gold Jewelry"
  sku: "DDFF23051204000000000049"
  qty: 1
  referenceNo: "511"
  orderId: "2a44975e-e1e4-4998-a8bd-883c5ee309db"
  type: "Invoice Item"
  sourceId: "d63bb2e0-a063-4876-9ab4-352f2e805b43"
  Income:Sales:SalesItem:SellGoldJewelry -12000.00 HKD
  category: "Gold Jewelry"
  sku: "DD2310200000000000000013"
  qty: 1
  referenceNo: "511"
  orderId: "2a44975e-e1e4-4998-a8bd-883c5ee309db"
  type: "Invoice Item"
  sourceId: "4bc695fe-251e-482e-85c6-ea7cf23db364"
  Income:Sales:SalesItem:SellGoldJewelry -8600.00 HKD
  category: "Gold Jewelry"
  sku: "DDFF23051204000000000042"
  qty: 1
  referenceNo: "511"
  orderId: "2a44975e-e1e4-4998-a8bd-883c5ee309db"
  type: "Invoice Item"
  sourceId: "2c93e7e1-a265-45e1-a588-76bd92786c0e"
  Assets:CurrentAssets:AccountReceivable
  referenceNo: "511"
  orderId: "2a44975e-e1e4-4998-a8bd-883c5ee309db"
  type: "Invoice"
  sourceId: "2a44975e-e1e4-4998-a8bd-883c5ee309db"
  contact: "852 90551171 (VIDA) [e6849602-7837-4c55-9238-f7eacce03b4f]"
2024-10-01 * "Assets:CurrentAssets:Bank:KpayBank" "Invoice Payment for Invoice #511 #b0cfaa79-3056-4ea1-aa80-a6b82b852cb8 2a44975e-e1e4-4998-a8bd-883c5ee309db"
  Assets:CurrentAssets:Bank:KpayBank 29400.00 HKD
  type: "Invoice Payment"
  sourceId: "b0cfaa79-3056-4ea1-aa80-a6b82b852cb8"
  referenceNo: "511"
  orderId: "2a44975e-e1e4-4998-a8bd-883c5ee309db"
  Assets:CurrentAssets:AccountReceivable -29400.00 HKD
  type: "Invoice Payment"
  sourceId: "b0cfaa79-3056-4ea1-aa80-a6b82b852cb8"
  referenceNo: "511"
  orderId: "2a44975e-e1e4-4998-a8bd-883c5ee309db"
  contact: "852 90551171 (VIDA) [e6849602-7837-4c55-9238-f7eacce03b4f]"
2024-10-01 * "Invoice #513 Stock Gold Jewellery TOUR 3.94g db304ca3-7a7f-4493-bb26-a37664ce7b7a"
  Income:Sales:SalesItem:SellGoldJewelry -2895.00 HKD
  category: "Gold Jewelry"
  sku: "DD2310200000000000000032"
  qty: 1
  referenceNo: "513"
  orderId: "db304ca3-7a7f-4493-bb26-a37664ce7b7a"
  type: "Invoice Item"
  sourceId: "a03258fb-37e5-44c0-be18-78fac9c55ae4"
  Assets:CurrentAssets:AccountReceivable
  referenceNo: "513"
  orderId: "db304ca3-7a7f-4493-bb26-a37664ce7b7a"
  type: "Invoice"
  sourceId: "db304ca3-7a7f-4493-bb26-a37664ce7b7a"
  contact: "880 802 (Walkin) [42348712-7daa-4c29-93b7-756b472429a4]"
2024-10-01 * "Assets:CurrentAssets:Bank:KpayBank" "Invoice Payment for Invoice #512 #0ba63371-fca1-4bd7-8673-c3d276cefc4d d51751dd-a46b-4643-90b2-e72658b8f696"
  Assets:CurrentAssets:Bank:KpayBank 20843.00 HKD
  type: "Invoice Payment"
  sourceId: "0ba63371-fca1-4bd7-8673-c3d276cefc4d"
  referenceNo: "512"
  orderId: "d51751dd-a46b-4643-90b2-e72658b8f696"
  Assets:CurrentAssets:AccountReceivable -20843.00 HKD
  type: "Invoice Payment"
  sourceId: "0ba63371-fca1-4bd7-8673-c3d276cefc4d"
  referenceNo: "512"
  orderId: "d51751dd-a46b-4643-90b2-e72658b8f696"
  contact: "852 90551171 (VIDA) [e6849602-7837-4c55-9238-f7eacce03b4f]"
2024-10-02 * "Assets:CurrentAssets:Bank:KpayBank" "Invoice Payment for Invoice #513 #c97e1285-2d1a-41e3-903f-c1474ed09b71 db304ca3-7a7f-4493-bb26-a37664ce7b7a"
  Assets:CurrentAssets:Bank:KpayBank 2895.00 HKD
  type: "Invoice Payment"
  sourceId: "c97e1285-2d1a-41e3-903f-c1474ed09b71"
  referenceNo: "513"
  orderId: "db304ca3-7a7f-4493-bb26-a37664ce7b7a"
  Assets:CurrentAssets:AccountReceivable -2895.00 HKD
  type: "Invoice Payment"
  sourceId: "c97e1285-2d1a-41e3-903f-c1474ed09b71"
  referenceNo: "513"
  orderId: "db304ca3-7a7f-4493-bb26-a37664ce7b7a"
  contact: "880 802 (Walkin) [42348712-7daa-4c29-93b7-756b472429a4]"
2024-10-02 * "Invoice #514 Stock Gold Jewellery TOUR 3.01g f36c7fef-a347-404b-836e-a2bb5eb8491d"
  Income:Sales:SalesItem:SellGoldJewelry -2000.00 HKD
  category: "Gold Jewelry"
  sku: "DD2310200000000000000187"
  qty: 1
  referenceNo: "514"
  orderId: "f36c7fef-a347-404b-836e-a2bb5eb8491d"
  type: "Invoice Item"
  sourceId: "2353e810-5618-4560-ac19-5ba7ee4e8739"
  Assets:CurrentAssets:AccountReceivable
  referenceNo: "514"
  orderId: "f36c7fef-a347-404b-836e-a2bb5eb8491d"
  type: "Invoice"
  sourceId: "f36c7fef-a347-404b-836e-a2bb5eb8491d"
  contact: "880 802 (Walkin) [42348712-7daa-4c29-93b7-756b472429a4]"
2024-10-02 * "Assets:CurrentAssets:Bank:KpayBank" "Invoice Payment for Invoice #514 #d372951f-d5bf-4677-970f-3055e51a96f5 f36c7fef-a347-404b-836e-a2bb5eb8491d"
  Assets:CurrentAssets:Bank:KpayBank 2000.00 HKD
  type: "Invoice Payment"
  sourceId: "d372951f-d5bf-4677-970f-3055e51a96f5"
  referenceNo: "514"
  orderId: "f36c7fef-a347-404b-836e-a2bb5eb8491d"
  Assets:CurrentAssets:AccountReceivable -2000.00 HKD
  type: "Invoice Payment"
  sourceId: "d372951f-d5bf-4677-970f-3055e51a96f5"
  referenceNo: "514"
  orderId: "f36c7fef-a347-404b-836e-a2bb5eb8491d"
  contact: "880 802 (Walkin) [42348712-7daa-4c29-93b7-756b472429a4]"
2024-10-03 * "Assets:CurrentAssets:Bank:BocSavingBank" "Invoice Payment for Invoice #516 #5f02b3aa-be12-4405-807f-8eafb9133757 ea819f38-7f66-4a33-8ddd-d1c833373941"
  Assets:CurrentAssets:Bank:BocSavingBank 5000.00 HKD
  type: "Invoice Payment"
  sourceId: "5f02b3aa-be12-4405-807f-8eafb9133757"
  referenceNo: "516"
  orderId: "ea819f38-7f66-4a33-8ddd-d1c833373941"
  Assets:CurrentAssets:AccountReceivable -5000.00 HKD
  type: "Invoice Payment"
  sourceId: "5f02b3aa-be12-4405-807f-8eafb9133757"
  referenceNo: "516"
  orderId: "ea819f38-7f66-4a33-8ddd-d1c833373941"
  contact: "852 51314057 (MR.HOCHUNKEUNG) [3acc9f4d-f5f5-43d3-b286-accf2959e51a]"
2024-10-03 * "Invoice #515 Stock Gold Jewellery 3.67g 62a2fd65-d067-419b-bc82-1b63fa4d6209"
  Income:Sales:SalesItem:SellGoldJewelry -2576.00 HKD
  category: "Gold Jewelry"
  sku: "DDFF23051703000000000013"
  qty: 1
  referenceNo: "515"
  orderId: "62a2fd65-d067-419b-bc82-1b63fa4d6209"
  type: "Invoice Item"
  sourceId: "214a5eab-b796-4e28-a730-1f1bd512c55d"
  Assets:CurrentAssets:AccountReceivable
  referenceNo: "515"
  orderId: "62a2fd65-d067-419b-bc82-1b63fa4d6209"
  type: "Invoice"
  sourceId: "62a2fd65-d067-419b-bc82-1b63fa4d6209"
  contact: "880 802 (Walkin) [42348712-7daa-4c29-93b7-756b472429a4]"
2024-10-03 * "Assets:CurrentAssets:Bank:KpayBank" "Invoice Payment for Invoice #515 #24692c01-534b-46e3-ae0c-74c3309fb2a5 62a2fd65-d067-419b-bc82-1b63fa4d6209"
  Assets:CurrentAssets:Bank:KpayBank 2576.00 HKD
  type: "Invoice Payment"
  sourceId: "24692c01-534b-46e3-ae0c-74c3309fb2a5"
  referenceNo: "515"
  orderId: "62a2fd65-d067-419b-bc82-1b63fa4d6209"
  Assets:CurrentAssets:AccountReceivable -2576.00 HKD
  type: "Invoice Payment"
  sourceId: "24692c01-534b-46e3-ae0c-74c3309fb2a5"
  referenceNo: "515"
  orderId: "62a2fd65-d067-419b-bc82-1b63fa4d6209"
  contact: "880 802 (Walkin) [42348712-7daa-4c29-93b7-756b472429a4]"
2024-10-03 * "Invoice #518 Stock Gold Jewellery 6.87g b8942f57-14c6-4c54-9a1a-721e8e122cfa"
  Income:Sales:SalesItem:SellGoldJewelry -4800.00 HKD
  category: "Gold Jewelry"
  sku: "DDFF23051703000000000051"
  qty: 1
  referenceNo: "518"
  orderId: "b8942f57-14c6-4c54-9a1a-721e8e122cfa"
  type: "Invoice Item"
  sourceId: "266d3fd9-1e43-4034-8bfe-92de58e93e36"
  Assets:CurrentAssets:AccountReceivable
  referenceNo: "518"
  orderId: "b8942f57-14c6-4c54-9a1a-721e8e122cfa"
  type: "Invoice"
  sourceId: "b8942f57-14c6-4c54-9a1a-721e8e122cfa"
  contact: "852 53454061 (MRCHEOK) [b43215e3-d9e4-4572-a85f-6aa1264f9b61]"
2024-10-03 * "Invoice #516 Bespoke 18K Ring Setting ea819f38-7f66-4a33-8ddd-d1c833373941"
  Income:Sales:SalesItem:Sell18kJewelry -7000.00 HKD
  category: "Jewelry"
  sku: "DDBESPOKE00000002"
  qty: 1
  referenceNo: "516"
  orderId: "ea819f38-7f66-4a33-8ddd-d1c833373941"
  type: "Invoice Item"
  sourceId: "13161357-bbcb-48a9-887a-9a7bdd024ea8"
  Assets:CurrentAssets:AccountReceivable
  referenceNo: "516"
  orderId: "ea819f38-7f66-4a33-8ddd-d1c833373941"
  type: "Invoice"
  sourceId: "ea819f38-7f66-4a33-8ddd-d1c833373941"
  contact: "852 51314057 (MR.HOCHUNKEUNG) [3acc9f4d-f5f5-43d3-b286-accf2959e51a]"
2024-10-03 * "Invoice #517 Stock R24102 c297161c-2a2b-48f7-afca-03d2556cdbce"
  Income:Sales:SalesItem:Sell18kJewelry -35000.00 HKD
  category: "Jewelry"
  sku: "DD2404260000000000000007"
  qty: 1
  referenceNo: "517"
  orderId: "c297161c-2a2b-48f7-afca-03d2556cdbce"
  type: "Invoice Item"
  sourceId: "9d68ecd9-30d1-42b0-9377-005ffb10091b"
  Assets:CurrentAssets:AccountReceivable
  referenceNo: "517"
  orderId: "c297161c-2a2b-48f7-afca-03d2556cdbce"
  type: "Invoice"
  sourceId: "c297161c-2a2b-48f7-afca-03d2556cdbce"
  contact: "852 91497288 (MR.CHOSTEPHEN) [3a1d130e-2c48-4a04-8926-6974b094da58]"
2024-10-03 * "Assets:CurrentAssets:Bank:BocSavingBank" "Invoice Payment for Invoice #517 #bc0d03ba-8371-41f3-a862-f813eda1aade c297161c-2a2b-48f7-afca-03d2556cdbce"
  Assets:CurrentAssets:Bank:BocSavingBank 35000.00 HKD
  type: "Invoice Payment"
  sourceId: "bc0d03ba-8371-41f3-a862-f813eda1aade"
  referenceNo: "517"
  orderId: "c297161c-2a2b-48f7-afca-03d2556cdbce"
  Assets:CurrentAssets:AccountReceivable -35000.00 HKD
  type: "Invoice Payment"
  sourceId: "bc0d03ba-8371-41f3-a862-f813eda1aade"
  referenceNo: "517"
  orderId: "c297161c-2a2b-48f7-afca-03d2556cdbce"
  contact: "852 91497288 (MR.CHOSTEPHEN) [3a1d130e-2c48-4a04-8926-6974b094da58]"
2024-10-03 * "Assets:CurrentAssets:Bank:KpayBank" "Invoice Payment for Invoice #518 #70d400a4-f2ed-40f1-b0d6-50db899a46d1 b8942f57-14c6-4c54-9a1a-721e8e122cfa"
  Assets:CurrentAssets:Bank:KpayBank 4800.00 HKD
  type: "Invoice Payment"
  sourceId: "70d400a4-f2ed-40f1-b0d6-50db899a46d1"
  referenceNo: "518"
  orderId: "b8942f57-14c6-4c54-9a1a-721e8e122cfa"
  Assets:CurrentAssets:AccountReceivable -4800.00 HKD
  type: "Invoice Payment"
  sourceId: "70d400a4-f2ed-40f1-b0d6-50db899a46d1"
  referenceNo: "518"
  orderId: "b8942f57-14c6-4c54-9a1a-721e8e122cfa"
  contact: "852 53454061 (MRCHEOK) [b43215e3-d9e4-4572-a85f-6aa1264f9b61]"
2024-10-04 * "Invoice #524 Order R24125 #30 dcf06e6f-0fdc-47d5-913f-2e3d81ed6b78"
  Income:Sales:SalesItem:Sell18kJewelry -5200.00 HKD
  category: "Jewelry"
  sku: "DD2024102400000002"
  qty: 1
  referenceNo: "524"
  orderId: "dcf06e6f-0fdc-47d5-913f-2e3d81ed6b78"
  type: "Invoice Item"
  sourceId: "ff410ca4-9104-4bb7-90dc-5f3a1da31f93"
  Assets:CurrentAssets:AccountReceivable
  referenceNo: "524"
  orderId: "dcf06e6f-0fdc-47d5-913f-2e3d81ed6b78"
  type: "Invoice"
  sourceId: "dcf06e6f-0fdc-47d5-913f-2e3d81ed6b78"
  contact: "852 94103674 (MSCAROLCHAU) [a0d34903-2300-4b23-b064-054a3db19330]"
2024-10-04 * "Invoice #821 Ref inv #786 bill #1126 綠寶戒指改size 503e1650-70f8-401e-9a3b-b503a54e8186"
  Income:Sales:SalesItem:Sell-ForProcess交外廠加工 -0.00 HKD
  category: "Other"
  sku: "Processing 046"
  qty: 1
  referenceNo: "821"
  orderId: "503e1650-70f8-401e-9a3b-b503a54e8186"
  type: "Invoice Item"
  sourceId: "80f5213d-1c50-4c8d-aec5-e06e4ed41205"
  Assets:CurrentAssets:AccountReceivable
  referenceNo: "821"
  orderId: "503e1650-70f8-401e-9a3b-b503a54e8186"
  type: "Invoice"
  sourceId: "503e1650-70f8-401e-9a3b-b503a54e8186"
  contact: "852 91497288 (MR.CHOSTEPHEN) [3a1d130e-2c48-4a04-8926-6974b094da58]"
2024-10-04 * "Invoice #522 Stock B2202 6916ffd1-cb2f-4fe1-ad3c-c12cb75bc7b9"
  Income:Sales:SalesItem:Sell18kJewelry -3000.00 HKD
  category: "Jewelry"
  sku: "DDFFFFFF0400000000000005"
  qty: 1
  referenceNo: "522"
  orderId: "6916ffd1-cb2f-4fe1-ad3c-c12cb75bc7b9"
  type: "Invoice Item"
  sourceId: "32daac31-ff1a-45a0-a90f-be0b0cda96e0"
  Assets:CurrentAssets:AccountReceivable
  referenceNo: "522"
  orderId: "6916ffd1-cb2f-4fe1-ad3c-c12cb75bc7b9"
  type: "Invoice"
  sourceId: "6916ffd1-cb2f-4fe1-ad3c-c12cb75bc7b9"
  contact: "880 802 (Walkin) [42348712-7daa-4c29-93b7-756b472429a4]"
2024-10-04 * "Invoice #520 N24134/N24136 fa6a59b7-e8d0-46d7-97fe-8c8a578e42f0"
  Income:Sales:SalesItem:Sell18kJewelry -2800.00 HKD
  category: "Jewelry"
  sku: "DD2024072400000001"
  qty: 1
  referenceNo: "520"
  orderId: "fa6a59b7-e8d0-46d7-97fe-8c8a578e42f0"
  type: "Invoice Item"
  sourceId: "b85b50e9-efd6-4e40-be31-c7e4866553ad"
  Income:Sales:SalesItem:Sell18kJewelry -3700.00 HKD
  category: "Jewelry"
  sku: "DD2024071600000003"
  qty: 1
  referenceNo: "520"
  orderId: "fa6a59b7-e8d0-46d7-97fe-8c8a578e42f0"
  type: "Invoice Item"
  sourceId: "dcc1d3c4-3b98-48c1-a8f8-2ab9866ea090"
  Assets:CurrentAssets:AccountReceivable
  referenceNo: "520"
  orderId: "fa6a59b7-e8d0-46d7-97fe-8c8a578e42f0"
  type: "Invoice"
  sourceId: "fa6a59b7-e8d0-46d7-97fe-8c8a578e42f0"
  contact: "880 802 (Walkin) [42348712-7daa-4c29-93b7-756b472429a4]"
2024-10-04 * "Bill #1126 綠寶戒指改size f824e451-c387-408e-bba1-979faf8fca19"
  referenceNo: "1126"
  orderId: "f824e451-c387-408e-bba1-979faf8fca19"
  type: "Bill"
  Expenses:CostOfSales:Purchase:PurchaseItem:BuyCost-ProcessingFee 250.00 HKD
  category: "Other"
  sku: "Processing 046"
  qty: 1
  referenceNo: "1126"
  orderId: "f824e451-c387-408e-bba1-979faf8fca19"
  type: "Bill Item"
  sourceId: "d0ec42e4-8a97-44b4-9df1-79ee66868afb"
  Liabilities:CurrentLiabilities:AccountPayable
  referenceNo: "1126"
  orderId: "f824e451-c387-408e-bba1-979faf8fca19"
  type: "Bill"
  sourceId: "f824e451-c387-408e-bba1-979faf8fca19"
  contact: "852 96221974 (強哥首飾加工師傅) [cef6a8eb-0892-4a7c-bfdc-328752af4fd5]"
2024-10-04 * "Assets:CurrentAssets:Bank:KpayBank" "Invoice Payment for Invoice #520 #34435257-959a-43ba-a92e-b0f746a1c604 fa6a59b7-e8d0-46d7-97fe-8c8a578e42f0"
  Assets:CurrentAssets:Bank:KpayBank 6500.00 HKD
  type: "Invoice Payment"
  sourceId: "34435257-959a-43ba-a92e-b0f746a1c604"
  referenceNo: "520"
  orderId: "fa6a59b7-e8d0-46d7-97fe-8c8a578e42f0"
  Assets:CurrentAssets:AccountReceivable -6500.00 HKD
  type: "Invoice Payment"
  sourceId: "34435257-959a-43ba-a92e-b0f746a1c604"
  referenceNo: "520"
  orderId: "fa6a59b7-e8d0-46d7-97fe-8c8a578e42f0"
  contact: "880 802 (Walkin) [42348712-7daa-4c29-93b7-756b472429a4]"
2024-10-04 * "Assets:CurrentAssets:Bank:BocSavingBank" "Invoice Payment for Invoice #524 #86020800-69de-4c16-b81a-094a013660da dcf06e6f-0fdc-47d5-913f-2e3d81ed6b78"
  Assets:CurrentAssets:Bank:BocSavingBank 2600.00 HKD
  type: "Invoice Payment"
  sourceId: "86020800-69de-4c16-b81a-094a013660da"
  referenceNo: "524"
  orderId: "dcf06e6f-0fdc-47d5-913f-2e3d81ed6b78"
  Assets:CurrentAssets:AccountReceivable -2600.00 HKD
  type: "Invoice Payment"
  sourceId: "86020800-69de-4c16-b81a-094a013660da"
  referenceNo: "524"
  orderId: "dcf06e6f-0fdc-47d5-913f-2e3d81ed6b78"
  contact: "852 94103674 (MSCAROLCHAU) [a0d34903-2300-4b23-b064-054a3db19330]"
2024-10-04 * "Assets:CurrentAssets:Bank:KpayBank" "Invoice Payment for Invoice #533 #dec5daa7-ce56-41f0-a627-a6955b45f49d a6ae6b97-b0d5-4f4c-8af6-365e17ea9908"
  Assets:CurrentAssets:Bank:KpayBank 1250.00 HKD
  type: "Invoice Payment"
  sourceId: "dec5daa7-ce56-41f0-a627-a6955b45f49d"
  referenceNo: "533"
  orderId: "a6ae6b97-b0d5-4f4c-8af6-365e17ea9908"
  Assets:CurrentAssets:AccountReceivable -1250.00 HKD
  type: "Invoice Payment"
  sourceId: "dec5daa7-ce56-41f0-a627-a6955b45f49d"
  referenceNo: "533"
  orderId: "a6ae6b97-b0d5-4f4c-8af6-365e17ea9908"
  contact: "852 96726752 (MsLeung) [1218dd08-15aa-4aa7-b624-18c50c9a3318]"
2024-10-04 * "Assets:CurrentAssets:Bank:KpayBank" "Invoice Payment for Invoice #522 #ae0dbbbd-71ca-45bb-8a47-7e070668781c 6916ffd1-cb2f-4fe1-ad3c-c12cb75bc7b9"
  Assets:CurrentAssets:Bank:KpayBank 3000.00 HKD
  type: "Invoice Payment"
  sourceId: "ae0dbbbd-71ca-45bb-8a47-7e070668781c"
  referenceNo: "522"
  orderId: "6916ffd1-cb2f-4fe1-ad3c-c12cb75bc7b9"
  Assets:CurrentAssets:AccountReceivable -3000.00 HKD
  type: "Invoice Payment"
  sourceId: "ae0dbbbd-71ca-45bb-8a47-7e070668781c"
  referenceNo: "522"
  orderId: "6916ffd1-cb2f-4fe1-ad3c-c12cb75bc7b9"
  contact: "880 802 (Walkin) [42348712-7daa-4c29-93b7-756b472429a4]"
2024-10-04 * "852 96221974 (強哥首飾加工師傅) [cef6a8eb-0892-4a7c-bfdc-328752af4fd5]" "Bill Payment for Bill #1126 #7027849b-0696-4ebc-95bb-f1667f1d419d f824e451-c387-408e-bba1-979faf8fca19"
  Liabilities:CurrentLiabilities:AccountPayable 250.00 HKD
  contact: "852 96221974 (強哥首飾加工師傅) [cef6a8eb-0892-4a7c-bfdc-328752af4fd5]"
  type: "Bill Payment"
  sourceId: "7027849b-0696-4ebc-95bb-f1667f1d419d"
  referenceNo: "1126"
  orderId: "f824e451-c387-408e-bba1-979faf8fca19"
  Assets:CurrentAssets:Cash:CashInHand -250.00 HKD
  type: "Bill Payment"
  sourceId: "7027849b-0696-4ebc-95bb-f1667f1d419d"
  referenceNo: "1126"
  orderId: "f824e451-c387-408e-bba1-979faf8fca19"
2024-10-05 * "Invoice #523 Stock Gold Jewellery 2.39 b07c48e8-d2cd-4905-9741-241b9127529e"
  Income:Sales:SalesItem:SellGoldJewelry -1600.00 HKD
  category: "Gold Jewelry"
  sku: "DD2310200000000000000039"
  qty: 1
  referenceNo: "523"
  orderId: "b07c48e8-d2cd-4905-9741-241b9127529e"
  type: "Invoice Item"
  sourceId: "e2c609eb-5341-41ab-84c3-2419fc3f9b5a"
  Assets:CurrentAssets:AccountReceivable
  referenceNo: "523"
  orderId: "b07c48e8-d2cd-4905-9741-241b9127529e"
  type: "Invoice"
  sourceId: "b07c48e8-d2cd-4905-9741-241b9127529e"
  contact: "880 802 (Walkin) [42348712-7daa-4c29-93b7-756b472429a4]"
2024-10-05 * "Invoice #521 Stock Gold Jewellery 7.27g 18939afd-a4d9-4bad-8632-fb279e23d09d"
  Income:Sales:SalesItem:SellGoldJewelry -4700.00 HKD
  category: "Gold Jewelry"
  sku: "DDFF23051703000000000058"
  qty: 1
  referenceNo: "521"
  orderId: "18939afd-a4d9-4bad-8632-fb279e23d09d"
  type: "Invoice Item"
  sourceId: "359cb88d-d2ec-43e0-819b-a5fcec68d7b5"
  Assets:CurrentAssets:AccountReceivable
  referenceNo: "521"
  orderId: "18939afd-a4d9-4bad-8632-fb279e23d09d"
  type: "Invoice"
  sourceId: "18939afd-a4d9-4bad-8632-fb279e23d09d"
  contact: "880 802 (Walkin) [42348712-7daa-4c29-93b7-756b472429a4]"
2024-10-05 * "Invoice #519 Stock Gold Jewellery 2.79g a511b6b0-e63b-43bf-b6c0-682255437bf2"
  Income:Sales:SalesItem:SellGoldJewelry -1890.00 HKD
  category: "Gold Jewelry"
  sku: "DDFF23051704000000000079"
  qty: 1
  referenceNo: "519"
  orderId: "a511b6b0-e63b-43bf-b6c0-682255437bf2"
  type: "Invoice Item"
  sourceId: "3fbbd2b8-0fad-4e52-a84f-d0e133fc7140"
  Assets:CurrentAssets:AccountReceivable
  referenceNo: "519"
  orderId: "a511b6b0-e63b-43bf-b6c0-682255437bf2"
  type: "Invoice"
  sourceId: "a511b6b0-e63b-43bf-b6c0-682255437bf2"
  contact: "880 802 (Walkin) [42348712-7daa-4c29-93b7-756b472429a4]"
2024-10-05 * "Assets:CurrentAssets:Bank:KpayBank" "Invoice Payment for Invoice #523 #68e6b86c-d650-41ab-8f74-9dfdc44e68ab b07c48e8-d2cd-4905-9741-241b9127529e"
  Assets:CurrentAssets:Bank:KpayBank 1600.00 HKD
  type: "Invoice Payment"
  sourceId: "68e6b86c-d650-41ab-8f74-9dfdc44e68ab"
  referenceNo: "523"
  orderId: "b07c48e8-d2cd-4905-9741-241b9127529e"
  Assets:CurrentAssets:AccountReceivable -1600.00 HKD
  type: "Invoice Payment"
  sourceId: "68e6b86c-d650-41ab-8f74-9dfdc44e68ab"
  referenceNo: "523"
  orderId: "b07c48e8-d2cd-4905-9741-241b9127529e"
  contact: "880 802 (Walkin) [42348712-7daa-4c29-93b7-756b472429a4]"
2024-10-05 * "Assets:CurrentAssets:Bank:KpayBank" "Invoice Payment for Invoice #519 #b30c65de-467d-468a-948e-c11fbdf663a6 a511b6b0-e63b-43bf-b6c0-682255437bf2"
  Assets:CurrentAssets:Bank:KpayBank 1890.00 HKD
  type: "Invoice Payment"
  sourceId: "b30c65de-467d-468a-948e-c11fbdf663a6"
  referenceNo: "519"
  orderId: "a511b6b0-e63b-43bf-b6c0-682255437bf2"
  Assets:CurrentAssets:AccountReceivable -1890.00 HKD
  type: "Invoice Payment"
  sourceId: "b30c65de-467d-468a-948e-c11fbdf663a6"
  referenceNo: "519"
  orderId: "a511b6b0-e63b-43bf-b6c0-682255437bf2"
  contact: "880 802 (Walkin) [42348712-7daa-4c29-93b7-756b472429a4]"
2024-10-05 * "Assets:CurrentAssets:Bank:KpayBank" "Invoice Payment for Invoice #521 #91779493-a543-40e3-92a2-780ced2cf916 18939afd-a4d9-4bad-8632-fb279e23d09d"
  Assets:CurrentAssets:Bank:KpayBank 4700.00 HKD
  type: "Invoice Payment"
  sourceId: "91779493-a543-40e3-92a2-780ced2cf916"
  referenceNo: "521"
  orderId: "18939afd-a4d9-4bad-8632-fb279e23d09d"
  Assets:CurrentAssets:AccountReceivable -4700.00 HKD
  type: "Invoice Payment"
  sourceId: "91779493-a543-40e3-92a2-780ced2cf916"
  referenceNo: "521"
  orderId: "18939afd-a4d9-4bad-8632-fb279e23d09d"
  contact: "880 802 (Walkin) [42348712-7daa-4c29-93b7-756b472429a4]"
2024-10-08 * "Bill #1146 DKK 固網電話費(10/24-01/25)) d42fa6ff-eae1-42e4-a5e1-5352a24c879f"
  referenceNo: "1146"
  orderId: "d42fa6ff-eae1-42e4-a5e1-5352a24c879f"
  type: "Bill"
  Expenses:GeneralExpense:TelephoneAndInternetAndAlarm 329.00 HKD
  qty: "1"
  description: "DKK 固網電話費(10/24-01/25)"
  referenceNo: "1146"
  orderId: "d42fa6ff-eae1-42e4-a5e1-5352a24c879f"
  type: "Bill Item"
  sourceId: "1128f720-7fe3-4d22-89d4-cf84344c57f4"
  Liabilities:CurrentLiabilities:AccountPayable
  referenceNo: "1146"
  orderId: "d42fa6ff-eae1-42e4-a5e1-5352a24c879f"
  type: "Bill"
  sourceId: "d42fa6ff-eae1-42e4-a5e1-5352a24c879f"
  contact: "880 806 () [53b8789a-4451-4a1f-84f7-a9c5da7ada1a]"
2024-10-08 * "880 806 () [53b8789a-4451-4a1f-84f7-a9c5da7ada1a]" "Bill Payment for Bill #1146 #77a77ce2-ee83-4518-b5c6-772f3a3db764 d42fa6ff-eae1-42e4-a5e1-5352a24c879f"
  Liabilities:CurrentLiabilities:AccountPayable 329.00 HKD
  contact: "880 806 () [53b8789a-4451-4a1f-84f7-a9c5da7ada1a]"
  type: "Bill Payment"
  sourceId: "77a77ce2-ee83-4518-b5c6-772f3a3db764"
  referenceNo: "1146"
  orderId: "d42fa6ff-eae1-42e4-a5e1-5352a24c879f"
  Liabilities:CurrentLiabilities:CurrentAccount:C-a-MilrichElectronicsHkCoLtd -329.00 HKD
  type: "Bill Payment"
  sourceId: "77a77ce2-ee83-4518-b5c6-772f3a3db764"
  referenceNo: "1146"
  orderId: "d42fa6ff-eae1-42e4-a5e1-5352a24c879f"
2024-10-08 * "Invoice #525 14 Emerald Cut Diamonds 4.53CT 219a696d-924a-476c-8275-d6d83b06d75d"
  Income:Sales:SalesItem:SellDiamond -37800.00 HKD
  category: "Natural Diamond"
  sku: "DIA2401"
  qty: 1
  referenceNo: "525"
  orderId: "219a696d-924a-476c-8275-d6d83b06d75d"
  type: "Invoice Item"
  sourceId: "26adf1fa-a57b-4e60-8f93-6ec24c97ede9"
  Assets:CurrentAssets:AccountReceivable
  referenceNo: "525"
  orderId: "219a696d-924a-476c-8275-d6d83b06d75d"
  type: "Invoice"
  sourceId: "219a696d-924a-476c-8275-d6d83b06d75d"
  contact: "852 98688818 (jackychan) [bc00ba1e-6025-4211-bc55-3651dd739a79]"
2024-10-08 * "Assets:CurrentAssets:Bank:KpayBank" "Invoice Payment for Invoice #525 #f36fa885-7aad-4ccc-be42-6e41dc25029a 219a696d-924a-476c-8275-d6d83b06d75d"
  Assets:CurrentAssets:Bank:KpayBank 37800.00 HKD
  type: "Invoice Payment"
  sourceId: "f36fa885-7aad-4ccc-be42-6e41dc25029a"
  referenceNo: "525"
  orderId: "219a696d-924a-476c-8275-d6d83b06d75d"
  Assets:CurrentAssets:AccountReceivable -37800.00 HKD
  type: "Invoice Payment"
  sourceId: "f36fa885-7aad-4ccc-be42-6e41dc25029a"
  referenceNo: "525"
  orderId: "219a696d-924a-476c-8275-d6d83b06d75d"
  contact: "852 98688818 (jackychan) [bc00ba1e-6025-4211-bc55-3651dd739a79]"
2024-10-09 * "Bill #1177 美泰樂 9月2024 Statement 0ea7ccb5-2715-4acd-baa4-9d2cf313c583"
  referenceNo: "1177"
  orderId: "0ea7ccb5-2715-4acd-baa4-9d2cf313c583"
  type: "Bill"
  Expenses:OtherExpenses:RefiningExpense金 1052.17 USD
  qty: "1"
  description: "美泰樂 9月2024 Statement"
  referenceNo: "1177"
  orderId: "0ea7ccb5-2715-4acd-baa4-9d2cf313c583"
  type: "Bill Item"
  sourceId: "2cd0041c-512d-43f8-b0aa-d7f4f3c23059"
  Liabilities:CurrentLiabilities:AccountPayable
  referenceNo: "1177"
  orderId: "0ea7ccb5-2715-4acd-baa4-9d2cf313c583"
  type: "Bill"
  sourceId: "0ea7ccb5-2715-4acd-baa4-9d2cf313c583"
  contact: "852 25214131 (MetalorPreciousMetalsHongKongLimited) [15ad8699-ee98-44fa-a02a-90521ca3ff05]"
2024-10-09 * "852 25214131 (MetalorPreciousMetalsHongKongLimited) [15ad8699-ee98-44fa-a02a-90521ca3ff05]" "Bill Payment for Bill #1177 #8f15486e-008d-423b-ae22-87f2ddf4507c 0ea7ccb5-2715-4acd-baa4-9d2cf313c583"
  Liabilities:CurrentLiabilities:AccountPayable 1052.17 USD
  contact: "852 25214131 (MetalorPreciousMetalsHongKongLimited) [15ad8699-ee98-44fa-a02a-90521ca3ff05]"
  type: "Bill Payment"
  sourceId: "8f15486e-008d-423b-ae22-87f2ddf4507c"
  referenceNo: "1177"
  orderId: "0ea7ccb5-2715-4acd-baa4-9d2cf313c583"
  Assets:CurrentAssets:Bank:BocCurrentBank -1052.17 USD
  type: "Bill Payment"
  sourceId: "8f15486e-008d-423b-ae22-87f2ddf4507c"
  referenceNo: "1177"
  orderId: "0ea7ccb5-2715-4acd-baa4-9d2cf313c583"
2024-10-11 * "Invoice #527 Order R24126 #14 54c7453e-e244-4338-baed-f9d96cd855d4"
  Income:Sales:SalesItem:Sell18kJewelry -2500.00 HKD
  category: "Jewelry"
  sku: "DD2024110100000002"
  qty: 1
  referenceNo: "527"
  orderId: "54c7453e-e244-4338-baed-f9d96cd855d4"
  type: "Invoice Item"
  sourceId: "c88bd553-fee0-4d78-a367-4278dec2273e"
  Assets:CurrentAssets:AccountReceivable
  referenceNo: "527"
  orderId: "54c7453e-e244-4338-baed-f9d96cd855d4"
  type: "Invoice"
  sourceId: "54c7453e-e244-4338-baed-f9d96cd855d4"
  contact: "852 94845453 (MSSiu) [7659b5d1-b403-4148-8f00-57a62a950207]"
2024-10-11 * "Assets:CurrentAssets:Bank:KpayBank" "Invoice Payment for Invoice #527 #5c6e3489-8acc-40c7-9dad-5fa50c3f294f 54c7453e-e244-4338-baed-f9d96cd855d4"
  Assets:CurrentAssets:Bank:KpayBank 2500.00 HKD
  type: "Invoice Payment"
  sourceId: "5c6e3489-8acc-40c7-9dad-5fa50c3f294f"
  referenceNo: "527"
  orderId: "54c7453e-e244-4338-baed-f9d96cd855d4"
  Assets:CurrentAssets:AccountReceivable -2500.00 HKD
  type: "Invoice Payment"
  sourceId: "5c6e3489-8acc-40c7-9dad-5fa50c3f294f"
  referenceNo: "527"
  orderId: "54c7453e-e244-4338-baed-f9d96cd855d4"
  contact: "852 94845453 (MSSiu) [7659b5d1-b403-4148-8f00-57a62a950207]"
2024-10-12 * "Bill #1128 ERIC~補貨/客訂 912b8d51-72b1-4451-a401-8f8771ed1645"
  referenceNo: "1128"
  orderId: "912b8d51-72b1-4451-a401-8f8771ed1645"
  type: "Bill"
  Expenses:CostOfSales:Purchase:PurchaseItem:Buy18kJewelry 1583.10 CNY
  category: "Jewelry"
  sku: "DD2024101300000008"
  qty: 1
  referenceNo: "1128"
  orderId: "912b8d51-72b1-4451-a401-8f8771ed1645"
  type: "Bill Item"
  sourceId: "c328ba9a-1441-436d-97a2-db347313763e"
  Expenses:CostOfSales:Purchase:PurchaseItem:Buy18kJewelry 2311.00 CNY
  category: "Jewelry"
  sku: "DD2024101300000009"
  qty: 1
  referenceNo: "1128"
  orderId: "912b8d51-72b1-4451-a401-8f8771ed1645"
  type: "Bill Item"
  sourceId: "ecf3c296-8053-41db-9fbf-f8fe49a6db27"
  Expenses:CostOfSales:Purchase:PurchaseItem:Buy18kJewelry 2413.00 CNY
  category: "Jewelry"
  sku: "DD2024101300000010"
  qty: 1
  referenceNo: "1128"
  orderId: "912b8d51-72b1-4451-a401-8f8771ed1645"
  type: "Bill Item"
  sourceId: "e84b51d6-f31e-402b-9aee-45ab621bdc15"
  Expenses:CostOfSales:Purchase:PurchaseItem:Buy18kJewelry 2604.20 CNY
  category: "Jewelry"
  sku: "DD2024101300000011"
  qty: 1
  referenceNo: "1128"
  orderId: "912b8d51-72b1-4451-a401-8f8771ed1645"
  type: "Bill Item"
  sourceId: "7c7badac-93da-444c-8516-bf48c6919571"
  Expenses:CostOfSales:Purchase:PurchaseItem:Buy18kJewelry 2212.10 CNY
  category: "Jewelry"
  sku: "DD2024101300000003"
  qty: 1
  referenceNo: "1128"
  orderId: "912b8d51-72b1-4451-a401-8f8771ed1645"
  type: "Bill Item"
  sourceId: "01e68c5c-fb70-41f2-8336-e396d7e08e40"
  Expenses:CostOfSales:Purchase:PurchaseItem:Buy18kJewelry 2151.40 CNY
  category: "Jewelry"
  sku: "DD2024101300000004"
  qty: 1
  referenceNo: "1128"
  orderId: "912b8d51-72b1-4451-a401-8f8771ed1645"
  type: "Bill Item"
  sourceId: "39892e2f-a238-4080-9cae-ebccafbace29"
  Expenses:CostOfSales:Purchase:PurchaseItem:Buy18kJewelry 2367.70 CNY
  category: "Jewelry"
  sku: "DD2024101300000005"
  qty: 1
  referenceNo: "1128"
  orderId: "912b8d51-72b1-4451-a401-8f8771ed1645"
  type: "Bill Item"
  sourceId: "246f0b81-40c9-45f1-82cb-09c15f32264d"
  Expenses:CostOfSales:Purchase:PurchaseItem:Buy18kJewelry 1392.20 CNY
  category: "Jewelry"
  sku: "DD2024101300000006"
  qty: 1
  referenceNo: "1128"
  orderId: "912b8d51-72b1-4451-a401-8f8771ed1645"
  type: "Bill Item"
  sourceId: "32aaba61-f7e4-4895-adaa-23a33509d092"
  Expenses:CostOfSales:Purchase:PurchaseItem:Buy18kJewelry 1131.30 CNY
  category: "Jewelry"
  sku: "DD2024101300000007"
  qty: 1
  referenceNo: "1128"
  orderId: "912b8d51-72b1-4451-a401-8f8771ed1645"
  type: "Bill Item"
  sourceId: "7650a6b7-1b1c-4ca1-938c-ae9d0dd07c7b"
  Liabilities:CurrentLiabilities:AccountPayable
  referenceNo: "1128"
  orderId: "912b8d51-72b1-4451-a401-8f8771ed1645"
  type: "Bill"
  sourceId: "912b8d51-72b1-4451-a401-8f8771ed1645"
  contact: "86 97978678 (ERIC) [cb2cbf18-d8c3-40eb-a388-d7234ea70615]"
2024-10-12 * "Bill #1129 ERIC~SHIRLEY RING SETTING f404a0c0-b77d-4245-bee5-15a61ad46b4e"
  referenceNo: "1129"
  orderId: "f404a0c0-b77d-4245-bee5-15a61ad46b4e"
  type: "Bill"
  Expenses:CostOfSales:Purchase:PurchaseItem:Buy18kJewelry 3342.00 CNY
  category: "Jewelry"
  sku: "DDBESPOKE00000001"
  qty: 1
  referenceNo: "1129"
  orderId: "f404a0c0-b77d-4245-bee5-15a61ad46b4e"
  type: "Bill Item"
  sourceId: "aa5d3b05-7a0d-46bb-9f0b-162b846547ba"
  Liabilities:CurrentLiabilities:AccountPayable
  referenceNo: "1129"
  orderId: "f404a0c0-b77d-4245-bee5-15a61ad46b4e"
  type: "Bill"
  sourceId: "f404a0c0-b77d-4245-bee5-15a61ad46b4e"
  contact: "86 97978678 (ERIC) [cb2cbf18-d8c3-40eb-a388-d7234ea70615]"
2024-10-12 * "Bill #1127 ERIC~補貨/客訂 02893f14-996f-4e39-9bfd-591886118c59"
  referenceNo: "1127"
  orderId: "02893f14-996f-4e39-9bfd-591886118c59"
  type: "Bill"
  Expenses:CostOfSales:Purchase:PurchaseItem:Buy18kJewelry 2666.00 CNY
  category: "Jewelry"
  sku: "DD2024101300000001"
  qty: 1
  referenceNo: "1127"
  orderId: "02893f14-996f-4e39-9bfd-591886118c59"
  type: "Bill Item"
  sourceId: "a9b4db2c-554a-4dae-8702-73ee442591b5"
  Expenses:CostOfSales:Purchase:PurchaseItem:Buy18kJewelry 4799.00 CNY
  category: "Jewelry"
  sku: "DD2024101300000002"
  qty: 1
  referenceNo: "1127"
  orderId: "02893f14-996f-4e39-9bfd-591886118c59"
  type: "Bill Item"
  sourceId: "38791956-b31b-42d5-b514-b7ff9f4c62ac"
  Liabilities:CurrentLiabilities:AccountPayable
  referenceNo: "1127"
  orderId: "02893f14-996f-4e39-9bfd-591886118c59"
  type: "Bill"
  sourceId: "02893f14-996f-4e39-9bfd-591886118c59"
  contact: "86 97978678 (ERIC) [cb2cbf18-d8c3-40eb-a388-d7234ea70615]"
2024-10-15 * "Bill #1170 卓遠 DKK NAR1 (24-25) 424db4f6-ff0a-4a08-89f0-7317d8128788"
  referenceNo: "1170"
  orderId: "424db4f6-ff0a-4a08-89f0-7317d8128788"
  type: "Bill"
  Expenses:GeneralExpense:LegalAndProfessionalFee 1105.00 HKD
  qty: "1"
  description: "卓遠 DKK NAR1 (24-25)"
  referenceNo: "1170"
  orderId: "424db4f6-ff0a-4a08-89f0-7317d8128788"
  type: "Bill Item"
  sourceId: "b93c809e-1722-4931-8685-2002bae5de2e"
  Expenses:GeneralExpense:BankFeesExpense 5.00 HKD
  qty: "1"
  description: "BANK FEE "
  referenceNo: "1170"
  orderId: "424db4f6-ff0a-4a08-89f0-7317d8128788"
  type: "Bill Item"
  sourceId: "f280d6e4-d5f0-410e-a006-92dfbce694df"
  Liabilities:CurrentLiabilities:AccountPayable
  referenceNo: "1170"
  orderId: "424db4f6-ff0a-4a08-89f0-7317d8128788"
  type: "Bill"
  sourceId: "424db4f6-ff0a-4a08-89f0-7317d8128788"
  contact: "880 806 () [53b8789a-4451-4a1f-84f7-a9c5da7ada1a]"
2024-10-15 * "880 806 () [53b8789a-4451-4a1f-84f7-a9c5da7ada1a]" "Bill Payment for Bill #1170 #d8bce2af-f75b-4446-8251-4466e4da9085 424db4f6-ff0a-4a08-89f0-7317d8128788"
  Liabilities:CurrentLiabilities:AccountPayable 5.00 HKD
  contact: "880 806 () [53b8789a-4451-4a1f-84f7-a9c5da7ada1a]"
  type: "Bill Payment"
  sourceId: "d8bce2af-f75b-4446-8251-4466e4da9085"
  referenceNo: "1170"
  orderId: "424db4f6-ff0a-4a08-89f0-7317d8128788"
  Assets:CurrentAssets:Bank:BocSavingBank -5.00 HKD
  type: "Bill Payment"
  sourceId: "d8bce2af-f75b-4446-8251-4466e4da9085"
  referenceNo: "1170"
  orderId: "424db4f6-ff0a-4a08-89f0-7317d8128788"
2024-10-15 * "880 806 () [53b8789a-4451-4a1f-84f7-a9c5da7ada1a]" "Bill Payment for Bill #1170 #713c5919-9719-4ba4-9528-5a255520535b 424db4f6-ff0a-4a08-89f0-7317d8128788"
  Liabilities:CurrentLiabilities:AccountPayable 1105.00 HKD
  contact: "880 806 () [53b8789a-4451-4a1f-84f7-a9c5da7ada1a]"
  type: "Bill Payment"
  sourceId: "713c5919-9719-4ba4-9528-5a255520535b"
  referenceNo: "1170"
  orderId: "424db4f6-ff0a-4a08-89f0-7317d8128788"
  Assets:CurrentAssets:Bank:BocSavingBank -1105.00 HKD
  type: "Bill Payment"
  sourceId: "713c5919-9719-4ba4-9528-5a255520535b"
  referenceNo: "1170"
  orderId: "424db4f6-ff0a-4a08-89f0-7317d8128788"
2024-10-16 * "Bill #1132 ERIC~客訂鑽石戒托 863b33ff-d76f-49b3-af41-ba0a0cd452ae"
  referenceNo: "1132"
  orderId: "863b33ff-d76f-49b3-af41-ba0a0cd452ae"
  type: "Bill"
  Expenses:CostOfSales:Purchase:PurchaseItem:Buy18kJewelry 3519.00 CNY
  category: "Jewelry"
  sku: "DDBESPOKE00000002"
  qty: 1
  referenceNo: "1132"
  orderId: "863b33ff-d76f-49b3-af41-ba0a0cd452ae"
  type: "Bill Item"
  sourceId: "3457d7e7-7fd7-4a63-8a34-59ab297d4cf7"
  Liabilities:CurrentLiabilities:AccountPayable
  referenceNo: "1132"
  orderId: "863b33ff-d76f-49b3-af41-ba0a0cd452ae"
  type: "Bill"
  sourceId: "863b33ff-d76f-49b3-af41-ba0a0cd452ae"
  contact: "86 97978678 (ERIC) [cb2cbf18-d8c3-40eb-a388-d7234ea70615]"
2024-10-17 * "Bill #1147 G17電費(2024-9月) a8b2df46-4b76-4309-a63e-f48f2c4ef6cd"
  referenceNo: "1147"
  orderId: "a8b2df46-4b76-4309-a63e-f48f2c4ef6cd"
  type: "Bill"
  Expenses:GeneralExpense:ElectricityLightHeating 1697.00 HKD
  qty: "1"
  description: "G17電費(2024-9月)"
  referenceNo: "1147"
  orderId: "a8b2df46-4b76-4309-a63e-f48f2c4ef6cd"
  type: "Bill Item"
  sourceId: "48c4a673-4fd7-4751-b783-50fb4650e80d"
  Liabilities:CurrentLiabilities:AccountPayable
  referenceNo: "1147"
  orderId: "a8b2df46-4b76-4309-a63e-f48f2c4ef6cd"
  type: "Bill"
  sourceId: "a8b2df46-4b76-4309-a63e-f48f2c4ef6cd"
  contact: "880 806 () [53b8789a-4451-4a1f-84f7-a9c5da7ada1a]"
2024-10-17 * "Bill #1130 ERIC~客訂戒指 667cbf41-f437-4e67-b186-3f0ac316b00e"
  referenceNo: "1130"
  orderId: "667cbf41-f437-4e67-b186-3f0ac316b00e"
  type: "Bill"
  Expenses:CostOfSales:Purchase:PurchaseItem:Buy18kJewelry 1889.00 CNY
  category: "Jewelry"
  sku: "DD2024101800000001"
  qty: 1
  referenceNo: "1130"
  orderId: "667cbf41-f437-4e67-b186-3f0ac316b00e"
  type: "Bill Item"
  sourceId: "5137dd64-521f-4a0c-9ed9-9c6836986544"
  Expenses:CostOfSales:Purchase:PurchaseItem:Buy18kJewelry 1652.00 CNY
  category: "Jewelry"
  sku: "DD2024101800000002"
  qty: 1
  referenceNo: "1130"
  orderId: "667cbf41-f437-4e67-b186-3f0ac316b00e"
  type: "Bill Item"
  sourceId: "492bfcc6-97ba-4def-8d45-6c870fda68b0"
  Liabilities:CurrentLiabilities:AccountPayable
  referenceNo: "1130"
  orderId: "667cbf41-f437-4e67-b186-3f0ac316b00e"
  type: "Bill"
  sourceId: "667cbf41-f437-4e67-b186-3f0ac316b00e"
  contact: "86 97978678 (ERIC) [cb2cbf18-d8c3-40eb-a388-d7234ea70615]"
2024-10-17 * "880 806 () [53b8789a-4451-4a1f-84f7-a9c5da7ada1a]" "Bill Payment for Bill #1147 #a61ed01a-6950-4768-b7d2-4c78126ae953 a8b2df46-4b76-4309-a63e-f48f2c4ef6cd"
  Liabilities:CurrentLiabilities:AccountPayable 1697.00 HKD
  contact: "880 806 () [53b8789a-4451-4a1f-84f7-a9c5da7ada1a]"
  type: "Bill Payment"
  sourceId: "a61ed01a-6950-4768-b7d2-4c78126ae953"
  referenceNo: "1147"
  orderId: "a8b2df46-4b76-4309-a63e-f48f2c4ef6cd"
  Liabilities:CurrentLiabilities:CurrentAccount:C-a-MilrichElectronicsHkCoLtd -1697.00 HKD
  type: "Bill Payment"
  sourceId: "a61ed01a-6950-4768-b7d2-4c78126ae953"
  referenceNo: "1147"
  orderId: "a8b2df46-4b76-4309-a63e-f48f2c4ef6cd"
2024-10-18 * "Invoice #830 MR. YUMNA Y Ref bill#1131 inv#402 修理鏈扣 13203e5c-b327-4b77-a6a9-fbf98f22a7b7"
  Income:Sales:SalesItem:Sell-ForProcess交外廠加工 -0.00 HKD
  category: "Other"
  sku: "Processing 058"
  qty: 1
  referenceNo: "830"
  orderId: "13203e5c-b327-4b77-a6a9-fbf98f22a7b7"
  type: "Invoice Item"
  sourceId: "db8d8d8c-9ef8-4dfa-b518-7ebac99cca83"
  Assets:CurrentAssets:AccountReceivable
  referenceNo: "830"
  orderId: "13203e5c-b327-4b77-a6a9-fbf98f22a7b7"
  type: "Invoice"
  sourceId: "13203e5c-b327-4b77-a6a9-fbf98f22a7b7"
  contact: "880 802 (Walkin) [42348712-7daa-4c29-93b7-756b472429a4]"
2024-10-18 * "Invoice #650 N24139 9a7fcbe1-9bb5-4258-89cf-e84f9cd0c651"
  Income:Sales:SalesItem:Sell18kJewelry -4500.00 HKD
  category: "Jewelry"
  sku: "DD2024080700000010"
  qty: 1
  referenceNo: "650"
  orderId: "9a7fcbe1-9bb5-4258-89cf-e84f9cd0c651"
  type: "Invoice Item"
  sourceId: "ba562f3b-dbce-47d7-ab61-66128b8c43c4"
  Assets:CurrentAssets:AccountReceivable
  referenceNo: "650"
  orderId: "9a7fcbe1-9bb5-4258-89cf-e84f9cd0c651"
  type: "Invoice"
  sourceId: "9a7fcbe1-9bb5-4258-89cf-e84f9cd0c651"
  contact: "852 67673996 (MrChan) [61003a02-b2ce-49d5-b005-4e58455edb23]"
2024-10-18 * "Bill #1131 invoice#598 修理鏈扣 d2b47414-1832-4158-8c4d-91a050d69d05"
  referenceNo: "1131"
  orderId: "d2b47414-1832-4158-8c4d-91a050d69d05"
  type: "Bill"
  Expenses:CostOfSales:Purchase:PurchaseItem:BuyCost-ProcessingFee 350.00 HKD
  category: "Other"
  sku: "Processing 058"
  qty: 1
  referenceNo: "1131"
  orderId: "d2b47414-1832-4158-8c4d-91a050d69d05"
  type: "Bill Item"
  sourceId: "688dc846-93c0-4251-9abe-c01a89b02c3a"
  Liabilities:CurrentLiabilities:AccountPayable
  referenceNo: "1131"
  orderId: "d2b47414-1832-4158-8c4d-91a050d69d05"
  type: "Bill"
  sourceId: "d2b47414-1832-4158-8c4d-91a050d69d05"
  contact: "852 96221974 (強哥首飾加工師傅) [cef6a8eb-0892-4a7c-bfdc-328752af4fd5]"
2024-10-18 * "Bill #1165 DKK 24-25 BR 收費 66cd71a3-7bdb-4091-b285-06801d8bb328"
  referenceNo: "1165"
  orderId: "66cd71a3-7bdb-4091-b285-06801d8bb328"
  type: "Bill"
  Expenses:GeneralExpense:BusinessRegistration 2200.00 HKD
  qty: "1"
  description: "DKK 24-25 BR 收費 "
  referenceNo: "1165"
  orderId: "66cd71a3-7bdb-4091-b285-06801d8bb328"
  type: "Bill Item"
  sourceId: "3d741d1b-c0fc-494e-8690-caa5e4eb5487"
  Liabilities:CurrentLiabilities:AccountPayable
  referenceNo: "1165"
  orderId: "66cd71a3-7bdb-4091-b285-06801d8bb328"
  type: "Bill"
  sourceId: "66cd71a3-7bdb-4091-b285-06801d8bb328"
  contact: "880 806 () [53b8789a-4451-4a1f-84f7-a9c5da7ada1a]"
2024-10-18 * "880 806 () [53b8789a-4451-4a1f-84f7-a9c5da7ada1a]" "Bill Payment for Bill #1165 #206602c0-f094-4f78-9ef9-830ae4f4ac4d 66cd71a3-7bdb-4091-b285-06801d8bb328"
  Liabilities:CurrentLiabilities:AccountPayable 2200.00 HKD
  contact: "880 806 () [53b8789a-4451-4a1f-84f7-a9c5da7ada1a]"
  type: "Bill Payment"
  sourceId: "206602c0-f094-4f78-9ef9-830ae4f4ac4d"
  referenceNo: "1165"
  orderId: "66cd71a3-7bdb-4091-b285-06801d8bb328"
  Liabilities:CurrentLiabilities:CurrentAccount:C-a-MilrichElectronicsHkCoLtd -2200.00 HKD
  type: "Bill Payment"
  sourceId: "206602c0-f094-4f78-9ef9-830ae4f4ac4d"
  referenceNo: "1165"
  orderId: "66cd71a3-7bdb-4091-b285-06801d8bb328"
2024-10-18 * "852 96221974 (強哥首飾加工師傅) [cef6a8eb-0892-4a7c-bfdc-328752af4fd5]" "Bill Payment for Bill #1131 #3aa5c75d-0cab-4fc1-a8f6-1090f8a1f1f2 d2b47414-1832-4158-8c4d-91a050d69d05"
  Liabilities:CurrentLiabilities:AccountPayable 350.00 HKD
  contact: "852 96221974 (強哥首飾加工師傅) [cef6a8eb-0892-4a7c-bfdc-328752af4fd5]"
  type: "Bill Payment"
  sourceId: "3aa5c75d-0cab-4fc1-a8f6-1090f8a1f1f2"
  referenceNo: "1131"
  orderId: "d2b47414-1832-4158-8c4d-91a050d69d05"
  Assets:CurrentAssets:Cash:CashInHand -350.00 HKD
  type: "Bill Payment"
  sourceId: "3aa5c75d-0cab-4fc1-a8f6-1090f8a1f1f2"
  referenceNo: "1131"
  orderId: "d2b47414-1832-4158-8c4d-91a050d69d05"
2024-10-18 * "Assets:CurrentAssets:Bank:KpayBank" "Invoice Payment for Invoice #650 #65729f87-38df-4014-9a50-16870d3ee052 9a7fcbe1-9bb5-4258-89cf-e84f9cd0c651"
  Assets:CurrentAssets:Bank:KpayBank 4500.00 HKD
  type: "Invoice Payment"
  sourceId: "65729f87-38df-4014-9a50-16870d3ee052"
  referenceNo: "650"
  orderId: "9a7fcbe1-9bb5-4258-89cf-e84f9cd0c651"
  Assets:CurrentAssets:AccountReceivable -4500.00 HKD
  type: "Invoice Payment"
  sourceId: "65729f87-38df-4014-9a50-16870d3ee052"
  referenceNo: "650"
  orderId: "9a7fcbe1-9bb5-4258-89cf-e84f9cd0c651"
  contact: "852 67673996 (MrChan) [61003a02-b2ce-49d5-b005-4e58455edb23]"
2024-10-19 * "Invoice #529 SHIRLEY戒指SETTING f61ae036-cdb0-4084-b1a1-4440cb9a9199"
  Income:Sales:SalesItem:Sell-ForProcess交外廠加工 -3342.00 CNY
  category: "Jewelry"
  sku: "DDBESPOKE00000001"
  qty: 1
  referenceNo: "529"
  orderId: "f61ae036-cdb0-4084-b1a1-4440cb9a9199"
  type: "Invoice Item"
  sourceId: "7d4ff5fb-3605-4966-8125-e49a584a18ce"
  Assets:CurrentAssets:AccountReceivable
  referenceNo: "529"
  orderId: "f61ae036-cdb0-4084-b1a1-4440cb9a9199"
  type: "Invoice"
  sourceId: "f61ae036-cdb0-4084-b1a1-4440cb9a9199"
  contact: "852 93236931 (ShirleyFung) [a623e460-7a17-4838-a741-0d4a3855aa15]"
2024-10-19 * "Liabilities:CurrentLiabilities:CurrentAccount:C-a-DirectorDavidKwan" "Invoice Payment for Invoice #529 #66cb2797-591d-4848-a68f-2e8cf9df4263 f61ae036-cdb0-4084-b1a1-4440cb9a9199"
  Liabilities:CurrentLiabilities:CurrentAccount:C-a-DirectorDavidKwan 3342.00 CNY
  type: "Invoice Payment"
  sourceId: "66cb2797-591d-4848-a68f-2e8cf9df4263"
  referenceNo: "529"
  orderId: "f61ae036-cdb0-4084-b1a1-4440cb9a9199"
  Assets:CurrentAssets:AccountReceivable -3342.00 CNY
  type: "Invoice Payment"
  sourceId: "66cb2797-591d-4848-a68f-2e8cf9df4263"
  referenceNo: "529"
  orderId: "f61ae036-cdb0-4084-b1a1-4440cb9a9199"
  contact: "852 93236931 (ShirleyFung) [a623e460-7a17-4838-a741-0d4a3855aa15]"
2024-10-19 * "Invoice #528 Stock Gold Jewellery 9.18g 9fefa289-c5c7-4467-b23b-5b783c8d83b1"
  Income:Sales:SalesItem:SellGoldJewelry -2862.00 HKD
  category: "Gold Jewelry"
  sku: "DD2310200000000000000170"
  qty: 1
  referenceNo: "528"
  orderId: "9fefa289-c5c7-4467-b23b-5b783c8d83b1"
  type: "Invoice Item"
  sourceId: "0d03fca5-e8cc-4d10-a9c9-f075128ed501"
  Income:Sales:SalesItem:SellGoldJewelry -3738.00 HKD
  category: "Gold Jewelry"
  sku: "DD2310200000000000000196"
  qty: 1
  referenceNo: "528"
  orderId: "9fefa289-c5c7-4467-b23b-5b783c8d83b1"
  type: "Invoice Item"
  sourceId: "b16e0c34-f917-42d3-be44-81bae060fcf0"
  Assets:CurrentAssets:AccountReceivable
  referenceNo: "528"
  orderId: "9fefa289-c5c7-4467-b23b-5b783c8d83b1"
  type: "Invoice"
  sourceId: "9fefa289-c5c7-4467-b23b-5b783c8d83b1"
  contact: "880 802 (Walkin) [42348712-7daa-4c29-93b7-756b472429a4]"
2024-10-19 * "Assets:CurrentAssets:Bank:KpayBank" "Invoice Payment for Invoice #528 #1da3c1d7-344e-4219-9aad-9e847ae4995c 9fefa289-c5c7-4467-b23b-5b783c8d83b1"
  Assets:CurrentAssets:Bank:KpayBank 6600.00 HKD
  type: "Invoice Payment"
  sourceId: "1da3c1d7-344e-4219-9aad-9e847ae4995c"
  referenceNo: "528"
  orderId: "9fefa289-c5c7-4467-b23b-5b783c8d83b1"
  Assets:CurrentAssets:AccountReceivable -6600.00 HKD
  type: "Invoice Payment"
  sourceId: "1da3c1d7-344e-4219-9aad-9e847ae4995c"
  referenceNo: "528"
  orderId: "9fefa289-c5c7-4467-b23b-5b783c8d83b1"
  contact: "880 802 (Walkin) [42348712-7daa-4c29-93b7-756b472429a4]"
2024-10-20 * "Invoice #530 Stock Gold Jewellery 0.97g 8cd3724c-4c7b-49d6-ba72-5d82d91e1481"
  Income:Sales:SalesItem:SellGoldJewelry -600.00 HKD
  category: "Gold Jewelry"
  sku: "DDFF2305170A000000000020"
  qty: 1
  referenceNo: "530"
  orderId: "8cd3724c-4c7b-49d6-ba72-5d82d91e1481"
  type: "Invoice Item"
  sourceId: "5fb7dc0b-d6f2-4705-92b5-326600a9d317"
  Assets:CurrentAssets:AccountReceivable
  referenceNo: "530"
  orderId: "8cd3724c-4c7b-49d6-ba72-5d82d91e1481"
  type: "Invoice"
  sourceId: "8cd3724c-4c7b-49d6-ba72-5d82d91e1481"
  contact: "880 802 (Walkin) [42348712-7daa-4c29-93b7-756b472429a4]"
2024-10-20 * "Assets:CurrentAssets:Bank:KpayBank" "Invoice Payment for Invoice #530 #9780bf8c-95ee-4b8c-a5eb-f19d5f9899b7 8cd3724c-4c7b-49d6-ba72-5d82d91e1481"
  Assets:CurrentAssets:Bank:KpayBank 600.00 HKD
  type: "Invoice Payment"
  sourceId: "9780bf8c-95ee-4b8c-a5eb-f19d5f9899b7"
  referenceNo: "530"
  orderId: "8cd3724c-4c7b-49d6-ba72-5d82d91e1481"
  Assets:CurrentAssets:AccountReceivable -600.00 HKD
  type: "Invoice Payment"
  sourceId: "9780bf8c-95ee-4b8c-a5eb-f19d5f9899b7"
  referenceNo: "530"
  orderId: "8cd3724c-4c7b-49d6-ba72-5d82d91e1481"
  contact: "880 802 (Walkin) [42348712-7daa-4c29-93b7-756b472429a4]"
2024-10-21 * "Invoice #531 N24142 6fdadbc9-a135-4d9c-9524-d7c687e31506"
  Income:Sales:SalesItem:Sell18kJewelry -3300.00 HKD
  category: "Jewelry"
  sku: "DD2024101300000005"
  qty: 1
  referenceNo: "531"
  orderId: "6fdadbc9-a135-4d9c-9524-d7c687e31506"
  type: "Invoice Item"
  sourceId: "715b6be7-b0b1-4d51-a47c-30c62543a5ec"
  Assets:CurrentAssets:AccountReceivable
  referenceNo: "531"
  orderId: "6fdadbc9-a135-4d9c-9524-d7c687e31506"
  type: "Invoice"
  sourceId: "6fdadbc9-a135-4d9c-9524-d7c687e31506"
  contact: "852 90366995 (MSLAI) [034e6716-23e8-494d-a60b-2534a566f247]"
2024-10-21 * "Assets:CurrentAssets:Bank:KpayBank" "Invoice Payment for Invoice #531 #d1d9e9c9-3799-4d45-83f6-ed10817d3a5d 6fdadbc9-a135-4d9c-9524-d7c687e31506"
  Assets:CurrentAssets:Bank:KpayBank 3300.00 HKD
  type: "Invoice Payment"
  sourceId: "d1d9e9c9-3799-4d45-83f6-ed10817d3a5d"
  referenceNo: "531"
  orderId: "6fdadbc9-a135-4d9c-9524-d7c687e31506"
  Assets:CurrentAssets:AccountReceivable -3300.00 HKD
  type: "Invoice Payment"
  sourceId: "d1d9e9c9-3799-4d45-83f6-ed10817d3a5d"
  referenceNo: "531"
  orderId: "6fdadbc9-a135-4d9c-9524-d7c687e31506"
  contact: "852 90366995 (MSLAI) [034e6716-23e8-494d-a60b-2534a566f247]"
2024-10-21 * "Assets:CurrentAssets:Bank:BocSavingBank" "Invoice Payment for Invoice #516 #4588b89c-92b2-4a93-b95b-9faf50901f47 ea819f38-7f66-4a33-8ddd-d1c833373941"
  Assets:CurrentAssets:Bank:BocSavingBank 2000.00 HKD
  type: "Invoice Payment"
  sourceId: "4588b89c-92b2-4a93-b95b-9faf50901f47"
  referenceNo: "516"
  orderId: "ea819f38-7f66-4a33-8ddd-d1c833373941"
  Assets:CurrentAssets:AccountReceivable -2000.00 HKD
  type: "Invoice Payment"
  sourceId: "4588b89c-92b2-4a93-b95b-9faf50901f47"
  referenceNo: "516"
  orderId: "ea819f38-7f66-4a33-8ddd-d1c833373941"
  contact: "852 51314057 (MR.HOCHUNKEUNG) [3acc9f4d-f5f5-43d3-b286-accf2959e51a]"
2024-10-21 * "Invoice #532 R24136 60c3541e-ed9a-474e-bfa5-2c0e3dd955bb"
  Income:Sales:SalesItem:Sell18kJewelry -3300.00 HKD
  category: "Jewelry"
  sku: "DD2024080700000012"
  qty: 1
  referenceNo: "532"
  orderId: "60c3541e-ed9a-474e-bfa5-2c0e3dd955bb"
  type: "Invoice Item"
  sourceId: "63a6a1c4-89e6-4d49-94ba-fceed0f15f07"
  Assets:CurrentAssets:AccountReceivable
  referenceNo: "532"
  orderId: "60c3541e-ed9a-474e-bfa5-2c0e3dd955bb"
  type: "Invoice"
  sourceId: "60c3541e-ed9a-474e-bfa5-2c0e3dd955bb"
  contact: "852 51866255 (MR.LEE) [ebb19ab2-8287-42e6-babf-24dd9412f32a]"
2024-10-21 * "Assets:CurrentAssets:Bank:BocSavingBank" "Invoice Payment for Invoice #532 #8173dca4-8bbc-4aed-8eac-5d63ba4f1cbd 60c3541e-ed9a-474e-bfa5-2c0e3dd955bb"
  Assets:CurrentAssets:Bank:BocSavingBank 3300.00 HKD
  type: "Invoice Payment"
  sourceId: "8173dca4-8bbc-4aed-8eac-5d63ba4f1cbd"
  referenceNo: "532"
  orderId: "60c3541e-ed9a-474e-bfa5-2c0e3dd955bb"
  Assets:CurrentAssets:AccountReceivable -3300.00 HKD
  type: "Invoice Payment"
  sourceId: "8173dca4-8bbc-4aed-8eac-5d63ba4f1cbd"
  referenceNo: "532"
  orderId: "60c3541e-ed9a-474e-bfa5-2c0e3dd955bb"
  contact: "852 51866255 (MR.LEE) [ebb19ab2-8287-42e6-babf-24dd9412f32a]"
2024-10-22 * "Bill #1183 G17 11月2024 租金 08702778-abb6-4cab-b622-398350677d94"
  referenceNo: "1183"
  orderId: "08702778-abb6-4cab-b622-398350677d94"
  type: "Bill"
  Expenses:GeneralExpense:Rent 48000.00 HKD
  qty: "1"
  description: "G17 11月2024 租金"
  referenceNo: "1183"
  orderId: "08702778-abb6-4cab-b622-398350677d94"
  type: "Bill Item"
  sourceId: "75cdff21-c1e2-4fd0-b67b-8b9cd45a6a5a"
  Liabilities:CurrentLiabilities:AccountPayable
  referenceNo: "1183"
  orderId: "08702778-abb6-4cab-b622-398350677d94"
  type: "Bill"
  sourceId: "08702778-abb6-4cab-b622-398350677d94"
  contact: "880 806 () [53b8789a-4451-4a1f-84f7-a9c5da7ada1a]"
2024-10-22 * "86 97978678 (ERIC) [cb2cbf18-d8c3-40eb-a388-d7234ea70615]" "Bill Payment for Bill #1136 #cb812bf3-08a5-495a-8eec-f9dc1e5516ad d03b8f14-42d2-42c3-b87c-4d4f243bed12"
  Liabilities:CurrentLiabilities:AccountPayable 67401.60 CNY
  contact: "86 97978678 (ERIC) [cb2cbf18-d8c3-40eb-a388-d7234ea70615]"
  type: "Bill Payment"
  sourceId: "cb812bf3-08a5-495a-8eec-f9dc1e5516ad"
  referenceNo: "1136"
  orderId: "d03b8f14-42d2-42c3-b87c-4d4f243bed12"
  Liabilities:CurrentLiabilities:CurrentAccount:C-a-MilrichElectronicsHkCoLtd -67401.60 CNY
  type: "Bill Payment"
  sourceId: "cb812bf3-08a5-495a-8eec-f9dc1e5516ad"
  referenceNo: "1136"
  orderId: "d03b8f14-42d2-42c3-b87c-4d4f243bed12"
2024-10-22 * "86 97978678 (ERIC) [cb2cbf18-d8c3-40eb-a388-d7234ea70615]" "Bill Payment for Bill #1135 #78b3524d-b113-416d-98ee-91d81f72179c 9c48d97d-50d4-4238-a0f6-18c03d013fc2"
  Liabilities:CurrentLiabilities:AccountPayable 5839.00 CNY
  contact: "86 97978678 (ERIC) [cb2cbf18-d8c3-40eb-a388-d7234ea70615]"
  type: "Bill Payment"
  sourceId: "78b3524d-b113-416d-98ee-91d81f72179c"
  referenceNo: "1135"
  orderId: "9c48d97d-50d4-4238-a0f6-18c03d013fc2"
  Liabilities:CurrentLiabilities:CurrentAccount:C-a-MilrichElectronicsHkCoLtd -5839.00 CNY
  type: "Bill Payment"
  sourceId: "78b3524d-b113-416d-98ee-91d81f72179c"
  referenceNo: "1135"
  orderId: "9c48d97d-50d4-4238-a0f6-18c03d013fc2"
2024-10-22 * "86 97978678 (ERIC) [cb2cbf18-d8c3-40eb-a388-d7234ea70615]" "Bill Payment for Bill #1128 #c79a5bd7-35cf-4747-87fa-25070c72e2e1 912b8d51-72b1-4451-a401-8f8771ed1645"
  Liabilities:CurrentLiabilities:AccountPayable 6646.16 CNY
  contact: "86 97978678 (ERIC) [cb2cbf18-d8c3-40eb-a388-d7234ea70615]"
  type: "Bill Payment"
  sourceId: "c79a5bd7-35cf-4747-87fa-25070c72e2e1"
  referenceNo: "1128"
  orderId: "912b8d51-72b1-4451-a401-8f8771ed1645"
  Liabilities:CurrentLiabilities:CurrentAccount:C-a-MilrichElectronicsHkCoLtd -6646.16 CNY
  type: "Bill Payment"
  sourceId: "c79a5bd7-35cf-4747-87fa-25070c72e2e1"
  referenceNo: "1128"
  orderId: "912b8d51-72b1-4451-a401-8f8771ed1645"
2024-10-22 * "86 97978678 (ERIC) [cb2cbf18-d8c3-40eb-a388-d7234ea70615]" "Bill Payment for Bill #1132 #b4fe8561-dbfd-4dc5-a8d7-17e8a2707dcd 863b33ff-d76f-49b3-af41-ba0a0cd452ae"
  Liabilities:CurrentLiabilities:AccountPayable 3519.00 CNY
  contact: "86 97978678 (ERIC) [cb2cbf18-d8c3-40eb-a388-d7234ea70615]"
  type: "Bill Payment"
  sourceId: "b4fe8561-dbfd-4dc5-a8d7-17e8a2707dcd"
  referenceNo: "1132"
  orderId: "863b33ff-d76f-49b3-af41-ba0a0cd452ae"
  Liabilities:CurrentLiabilities:CurrentAccount:C-a-MilrichElectronicsHkCoLtd -3519.00 CNY
  type: "Bill Payment"
  sourceId: "b4fe8561-dbfd-4dc5-a8d7-17e8a2707dcd"
  referenceNo: "1132"
  orderId: "863b33ff-d76f-49b3-af41-ba0a0cd452ae"
2024-10-22 * "86 97978678 (ERIC) [cb2cbf18-d8c3-40eb-a388-d7234ea70615]" "Bill Payment for Bill #1129 #26f44ac7-9a80-415e-af72-3932b1639a89 f404a0c0-b77d-4245-bee5-15a61ad46b4e"
  Liabilities:CurrentLiabilities:AccountPayable 3342.00 CNY
  contact: "86 97978678 (ERIC) [cb2cbf18-d8c3-40eb-a388-d7234ea70615]"
  type: "Bill Payment"
  sourceId: "26f44ac7-9a80-415e-af72-3932b1639a89"
  referenceNo: "1129"
  orderId: "f404a0c0-b77d-4245-bee5-15a61ad46b4e"
  Liabilities:CurrentLiabilities:CurrentAccount:C-a-MilrichElectronicsHkCoLtd -3342.00 CNY
  type: "Bill Payment"
  sourceId: "26f44ac7-9a80-415e-af72-3932b1639a89"
  referenceNo: "1129"
  orderId: "f404a0c0-b77d-4245-bee5-15a61ad46b4e"
2024-10-22 * "86 97978678 (ERIC) [cb2cbf18-d8c3-40eb-a388-d7234ea70615]" "Bill Payment for Bill #1138 #e6ba17ff-eb27-4986-8562-3bf5c5d2f904 4712cadb-499f-424f-a94d-362c6e043859"
  Liabilities:CurrentLiabilities:AccountPayable 2111.24 CNY
  contact: "86 97978678 (ERIC) [cb2cbf18-d8c3-40eb-a388-d7234ea70615]"
  type: "Bill Payment"
  sourceId: "e6ba17ff-eb27-4986-8562-3bf5c5d2f904"
  referenceNo: "1138"
  orderId: "4712cadb-499f-424f-a94d-362c6e043859"
  Liabilities:CurrentLiabilities:CurrentAccount:C-a-MilrichElectronicsHkCoLtd -2111.24 CNY
  type: "Bill Payment"
  sourceId: "e6ba17ff-eb27-4986-8562-3bf5c5d2f904"
  referenceNo: "1138"
  orderId: "4712cadb-499f-424f-a94d-362c6e043859"
2024-10-22 * "86 97978678 (ERIC) [cb2cbf18-d8c3-40eb-a388-d7234ea70615]" "Bill Payment for Bill #1130 #f12c8ef8-eda0-4532-a392-d6a81ea22a9c 667cbf41-f437-4e67-b186-3f0ac316b00e"
  Liabilities:CurrentLiabilities:AccountPayable 3541.00 CNY
  contact: "86 97978678 (ERIC) [cb2cbf18-d8c3-40eb-a388-d7234ea70615]"
  type: "Bill Payment"
  sourceId: "f12c8ef8-eda0-4532-a392-d6a81ea22a9c"
  referenceNo: "1130"
  orderId: "667cbf41-f437-4e67-b186-3f0ac316b00e"
  Liabilities:CurrentLiabilities:CurrentAccount:C-a-MilrichElectronicsHkCoLtd -3541.00 CNY
  type: "Bill Payment"
  sourceId: "f12c8ef8-eda0-4532-a392-d6a81ea22a9c"
  referenceNo: "1130"
  orderId: "667cbf41-f437-4e67-b186-3f0ac316b00e"
2024-10-22 * "880 806 () [53b8789a-4451-4a1f-84f7-a9c5da7ada1a]" "Bill Payment for Bill #1183 #814efda3-1bb9-4d79-86b0-c7fce696ef64 08702778-abb6-4cab-b622-398350677d94"
  Liabilities:CurrentLiabilities:AccountPayable 48000.00 HKD
  contact: "880 806 () [53b8789a-4451-4a1f-84f7-a9c5da7ada1a]"
  type: "Bill Payment"
  sourceId: "814efda3-1bb9-4d79-86b0-c7fce696ef64"
  referenceNo: "1183"
  orderId: "08702778-abb6-4cab-b622-398350677d94"
  Assets:CurrentAssets:Bank:BocCurrentBank -48000.00 HKD
  type: "Bill Payment"
  sourceId: "814efda3-1bb9-4d79-86b0-c7fce696ef64"
  referenceNo: "1183"
  orderId: "08702778-abb6-4cab-b622-398350677d94"
2024-10-23 * "Invoice #826 Ref inv#804 bill#1133 海藍寶改手寸 ba9211e8-f0bf-4ee3-9b8a-32502c660a96"
  Income:Sales:SalesItem:Sell-ForProcess交外廠加工 -0.00 HKD
  category: "Other"
  sku: "Processing 051"
  qty: 1
  referenceNo: "826"
  orderId: "ba9211e8-f0bf-4ee3-9b8a-32502c660a96"
  type: "Invoice Item"
  sourceId: "b82cfc21-f73b-43e4-ad63-93cf550b73a4"
  Assets:CurrentAssets:AccountReceivable
  referenceNo: "826"
  orderId: "ba9211e8-f0bf-4ee3-9b8a-32502c660a96"
  type: "Invoice"
  sourceId: "ba9211e8-f0bf-4ee3-9b8a-32502c660a96"
  contact: "852 51866255 (MR.LEE) [ebb19ab2-8287-42e6-babf-24dd9412f32a]"
2024-10-23 * "Bill #1134 9粒12.1CT藍寶石(11.423CT) 1cd243fb-9fee-45c7-ae6c-39335ecea210"
  referenceNo: "1134"
  orderId: "1cd243fb-9fee-45c7-ae6c-39335ecea210"
  type: "Bill"
  Expenses:CostOfSales:Purchase:PurchaseItem:BuyGems 1076.00 HKD
  category: "Gem"
  sku: "SAP2437"
  qty: 1
  referenceNo: "1134"
  orderId: "1cd243fb-9fee-45c7-ae6c-39335ecea210"
  type: "Bill Item"
  sourceId: "d70c8459-9e7d-4cad-8cbf-e15910ed297b"
  Expenses:CostOfSales:Purchase:PurchaseItem:BuyGems 1076.00 HKD
  category: "Gem"
  sku: "SAP2436"
  qty: 1
  referenceNo: "1134"
  orderId: "1cd243fb-9fee-45c7-ae6c-39335ecea210"
  type: "Bill Item"
  sourceId: "d69751a8-559c-424a-b291-54809e5763d4"
  Expenses:CostOfSales:Purchase:PurchaseItem:BuyGems 1076.00 HKD
  category: "Gem"
  sku: "SAP2435"
  qty: 1
  referenceNo: "1134"
  orderId: "1cd243fb-9fee-45c7-ae6c-39335ecea210"
  type: "Bill Item"
  sourceId: "36970389-19da-4ead-9510-5959d1bb9213"
  Expenses:CostOfSales:Purchase:PurchaseItem:BuyGems 1076.00 HKD
  category: "Gem"
  sku: "SAP2434"
  qty: 1
  referenceNo: "1134"
  orderId: "1cd243fb-9fee-45c7-ae6c-39335ecea210"
  type: "Bill Item"
  sourceId: "e346a3b9-9a11-4b07-97fd-575d8b3ad830"
  Expenses:CostOfSales:Purchase:PurchaseItem:BuyGems 1076.00 HKD
  category: "Gem"
  sku: "SAP2433"
  qty: 1
  referenceNo: "1134"
  orderId: "1cd243fb-9fee-45c7-ae6c-39335ecea210"
  type: "Bill Item"
  sourceId: "65d5e43b-e75a-4031-87c4-49f5c9daaf22"
  Expenses:CostOfSales:Purchase:PurchaseItem:BuyGems 1076.00 HKD
  category: "Gem"
  sku: "SAP2432"
  qty: 1
  referenceNo: "1134"
  orderId: "1cd243fb-9fee-45c7-ae6c-39335ecea210"
  type: "Bill Item"
  sourceId: "332614ca-decd-46e2-95a2-adba0c2e5431"
  Expenses:CostOfSales:Purchase:PurchaseItem:BuyGems 1076.00 HKD
  category: "Gem"
  sku: "SAP2431"
  qty: 1
  referenceNo: "1134"
  orderId: "1cd243fb-9fee-45c7-ae6c-39335ecea210"
  type: "Bill Item"
  sourceId: "5325d38d-4fd8-4ff8-8da5-f1833c52f8f3"
  Expenses:CostOfSales:Purchase:PurchaseItem:BuyGems 1076.00 HKD
  category: "Gem"
  sku: "SAP2430"
  qty: 1
  referenceNo: "1134"
  orderId: "1cd243fb-9fee-45c7-ae6c-39335ecea210"
  type: "Bill Item"
  sourceId: "3b7cdcff-0441-43f7-9539-80c3d555b4a2"
  Expenses:CostOfSales:Purchase:PurchaseItem:BuyGems 1072.00 HKD
  category: "Gem"
  sku: "SAP2429"
  qty: 1
  referenceNo: "1134"
  orderId: "1cd243fb-9fee-45c7-ae6c-39335ecea210"
  type: "Bill Item"
  sourceId: "6239e772-235e-4bc4-8d47-ad461b6308ca"
  Liabilities:CurrentLiabilities:AccountPayable
  referenceNo: "1134"
  orderId: "1cd243fb-9fee-45c7-ae6c-39335ecea210"
  type: "Bill"
  sourceId: "1cd243fb-9fee-45c7-ae6c-39335ecea210"
  contact: "94 773169500 (GIMHANGEMS) [e8c1b76f-4e07-4c85-8bab-e3e4e34a5034]"
2024-10-23 * "Bill #1133 Ref inv#804 海藍寶改手寸 4c0c647f-939b-4106-a246-62409e74ab21"
  referenceNo: "1133"
  orderId: "4c0c647f-939b-4106-a246-62409e74ab21"
  type: "Bill"
  Expenses:CostOfSales:Purchase:PurchaseItem:BuyCost-ProcessingFee 300.00 HKD
  category: "Other"
  sku: "Processing 051"
  qty: 1
  referenceNo: "1133"
  orderId: "4c0c647f-939b-4106-a246-62409e74ab21"
  type: "Bill Item"
  sourceId: "a9e9c8c4-a610-4579-a043-5b87bd01fa05"
  Liabilities:CurrentLiabilities:AccountPayable
  referenceNo: "1133"
  orderId: "4c0c647f-939b-4106-a246-62409e74ab21"
  type: "Bill"
  sourceId: "4c0c647f-939b-4106-a246-62409e74ab21"
  contact: "852 96221974 (強哥首飾加工師傅) [cef6a8eb-0892-4a7c-bfdc-328752af4fd5]"
2024-10-23 * "852 96221974 (強哥首飾加工師傅) [cef6a8eb-0892-4a7c-bfdc-328752af4fd5]" "Bill Payment for Bill #1133 #eaf70f1e-6aa9-4f82-9710-5b1c2ba3c084 4c0c647f-939b-4106-a246-62409e74ab21"
  Liabilities:CurrentLiabilities:AccountPayable 300.00 HKD
  contact: "852 96221974 (強哥首飾加工師傅) [cef6a8eb-0892-4a7c-bfdc-328752af4fd5]"
  type: "Bill Payment"
  sourceId: "eaf70f1e-6aa9-4f82-9710-5b1c2ba3c084"
  referenceNo: "1133"
  orderId: "4c0c647f-939b-4106-a246-62409e74ab21"
  Assets:CurrentAssets:Cash:CashInHand -300.00 HKD
  type: "Bill Payment"
  sourceId: "eaf70f1e-6aa9-4f82-9710-5b1c2ba3c084"
  referenceNo: "1133"
  orderId: "4c0c647f-939b-4106-a246-62409e74ab21"
2024-10-23 * "94 773169500 (GIMHANGEMS) [e8c1b76f-4e07-4c85-8bab-e3e4e34a5034]" "Bill Payment for Bill #1134 #b6b208bf-7b0b-4785-acdd-cb85ab3b152a 1cd243fb-9fee-45c7-ae6c-39335ecea210"
  Liabilities:CurrentLiabilities:AccountPayable 9680.00 HKD
  contact: "94 773169500 (GIMHANGEMS) [e8c1b76f-4e07-4c85-8bab-e3e4e34a5034]"
  type: "Bill Payment"
  sourceId: "b6b208bf-7b0b-4785-acdd-cb85ab3b152a"
  referenceNo: "1134"
  orderId: "1cd243fb-9fee-45c7-ae6c-39335ecea210"
  Assets:CurrentAssets:Cash:CashInHand -9680.00 HKD
  type: "Bill Payment"
  sourceId: "b6b208bf-7b0b-4785-acdd-cb85ab3b152a"
  referenceNo: "1134"
  orderId: "1cd243fb-9fee-45c7-ae6c-39335ecea210"
2024-10-24 * "Bill #1136 ERIC~SAP WATCH CASE d03b8f14-42d2-42c3-b87c-4d4f243bed12"
  referenceNo: "1136"
  orderId: "d03b8f14-42d2-42c3-b87c-4d4f243bed12"
  type: "Bill"
  Expenses:CostOfSales:Purchase:PurchaseItem:Buy18kJewelry 67401.60 CNY
  category: "Jewelry"
  sku: "DD2024102400000003"
  qty: 1
  referenceNo: "1136"
  orderId: "d03b8f14-42d2-42c3-b87c-4d4f243bed12"
  type: "Bill Item"
  sourceId: "196833c5-793f-484f-a99b-aabd52898a98"
  Liabilities:CurrentLiabilities:AccountPayable
  referenceNo: "1136"
  orderId: "d03b8f14-42d2-42c3-b87c-4d4f243bed12"
  type: "Bill"
  sourceId: "d03b8f14-42d2-42c3-b87c-4d4f243bed12"
  contact: "86 97978678 (ERIC) [cb2cbf18-d8c3-40eb-a388-d7234ea70615]"
2024-10-24 * "Bill #1135 ERIC~補貨/客訂 9c48d97d-50d4-4238-a0f6-18c03d013fc2"
  referenceNo: "1135"
  orderId: "9c48d97d-50d4-4238-a0f6-18c03d013fc2"
  type: "Bill"
  Expenses:CostOfSales:Purchase:PurchaseItem:Buy18kJewelry 2089.00 CNY
  category: "Jewelry"
  sku: "DD2024102400000001"
  qty: 1
  referenceNo: "1135"
  orderId: "9c48d97d-50d4-4238-a0f6-18c03d013fc2"
  type: "Bill Item"
  sourceId: "4572d4ad-ed54-418a-b365-68610ac0f133"
  Expenses:CostOfSales:Purchase:PurchaseItem:Buy18kJewelry 3750.00 CNY
  category: "Jewelry"
  sku: "DD2024102400000002"
  qty: 1
  referenceNo: "1135"
  orderId: "9c48d97d-50d4-4238-a0f6-18c03d013fc2"
  type: "Bill Item"
  sourceId: "38f2e5a7-6618-4ce7-9b2d-bef8833dffc8"
  Liabilities:CurrentLiabilities:AccountPayable
  referenceNo: "1135"
  orderId: "9c48d97d-50d4-4238-a0f6-18c03d013fc2"
  type: "Bill"
  sourceId: "9c48d97d-50d4-4238-a0f6-18c03d013fc2"
  contact: "86 97978678 (ERIC) [cb2cbf18-d8c3-40eb-a388-d7234ea70615]"
2024-10-24 * "86 97978678 (ERIC) [cb2cbf18-d8c3-40eb-a388-d7234ea70615]" "Bill Payment for Bill #1055 #cbb9f802-066a-4800-a638-9c8236090511 0baa065f-3717-445a-ad4e-67ca2abce210"
  Liabilities:CurrentLiabilities:AccountPayable 7764.00 CNY
  contact: "86 97978678 (ERIC) [cb2cbf18-d8c3-40eb-a388-d7234ea70615]"
  type: "Bill Payment"
  sourceId: "cbb9f802-066a-4800-a638-9c8236090511"
  referenceNo: "1055"
  orderId: "0baa065f-3717-445a-ad4e-67ca2abce210"
  Liabilities:CurrentLiabilities:CurrentAccount:C-a-MilrichElectronicsHkCoLtd -7764.00 CNY
  type: "Bill Payment"
  sourceId: "cbb9f802-066a-4800-a638-9c8236090511"
  referenceNo: "1055"
  orderId: "0baa065f-3717-445a-ad4e-67ca2abce210"
2024-10-24 * "86 97978678 (ERIC) [cb2cbf18-d8c3-40eb-a388-d7234ea70615]" "Bill Payment for Bill #1069 #33360333-6dfd-4820-beae-93d05da91e55 cf9060ae-72de-4e75-aa75-94bc84fdebfb"
  Liabilities:CurrentLiabilities:AccountPayable 6038.00 CNY
  contact: "86 97978678 (ERIC) [cb2cbf18-d8c3-40eb-a388-d7234ea70615]"
  type: "Bill Payment"
  sourceId: "33360333-6dfd-4820-beae-93d05da91e55"
  referenceNo: "1069"
  orderId: "cf9060ae-72de-4e75-aa75-94bc84fdebfb"
  Liabilities:CurrentLiabilities:CurrentAccount:C-a-MilrichElectronicsHkCoLtd -6038.00 CNY
  type: "Bill Payment"
  sourceId: "33360333-6dfd-4820-beae-93d05da91e55"
  referenceNo: "1069"
  orderId: "cf9060ae-72de-4e75-aa75-94bc84fdebfb"
2024-10-24 * "Invoice #533 Order R24131 #16 a6ae6b97-b0d5-4f4c-8af6-365e17ea9908"
  Income:Sales:SalesItem:Sell18kJewelry -2500.00 HKD
  category: "Jewelry"
  sku: "DD2024101800000002"
  qty: 1
  referenceNo: "533"
  orderId: "a6ae6b97-b0d5-4f4c-8af6-365e17ea9908"
  type: "Invoice Item"
  sourceId: "dce3d3db-c534-48f5-992b-4e8d5427f9d5"
  Assets:CurrentAssets:AccountReceivable
  referenceNo: "533"
  orderId: "a6ae6b97-b0d5-4f4c-8af6-365e17ea9908"
  type: "Invoice"
  sourceId: "a6ae6b97-b0d5-4f4c-8af6-365e17ea9908"
  contact: "852 96726752 (MsLeung) [1218dd08-15aa-4aa7-b624-18c50c9a3318]"
2024-10-25 * "Bill #1387 淘寶雜類 (24年10月) (paid by visa) 92579882-163b-4376-bf47-8df5fd5b5381"
  referenceNo: "1387"
  orderId: "92579882-163b-4376-bf47-8df5fd5b5381"
  type: "Bill"
  Expenses:GeneralExpense:OfficeExpenses 586.29 HKD
  qty: "1"
  description: "淘寶雜類 10/2024"
  referenceNo: "1387"
  orderId: "92579882-163b-4376-bf47-8df5fd5b5381"
  type: "Bill Item"
  sourceId: "e95de046-6385-4200-bb94-e31667a64388"
  Expenses:GeneralExpense:Subscriptions 158.56 HKD
  qty: "1"
  description: "VERCEL INC. USD 20 (22 Oct 2024)"
  referenceNo: "1387"
  orderId: "92579882-163b-4376-bf47-8df5fd5b5381"
  type: "Bill Item"
  sourceId: "6fc31c31-23fc-4426-bea1-68d78b3d1e15"
  Expenses:GeneralExpense:Subscriptions 78.00 HKD
  qty: "1"
  description: "Microsoft*Microsoft (26 Sep 2024)"
  referenceNo: "1387"
  orderId: "92579882-163b-4376-bf47-8df5fd5b5381"
  type: "Bill Item"
  sourceId: "93d025fd-76b8-454d-ae93-3ecdeff6f123"
  Liabilities:CurrentLiabilities:CurrentAccount:C-a-MilwaysGoldLimited 46449.67 HKD
  qty: "1"
  description: "417裝修物資 淘寶"
  referenceNo: "1387"
  orderId: "92579882-163b-4376-bf47-8df5fd5b5381"
  type: "Bill Item"
  sourceId: "6d0d7341-80f8-4ed9-8d68-4ab2c1517dea"
  Liabilities:CurrentLiabilities:AccountPayable
  referenceNo: "1387"
  orderId: "92579882-163b-4376-bf47-8df5fd5b5381"
  type: "Bill"
  sourceId: "92579882-163b-4376-bf47-8df5fd5b5381"
  contact: "880 806 () [53b8789a-4451-4a1f-84f7-a9c5da7ada1a]"
2024-10-25 * "880 806 () [53b8789a-4451-4a1f-84f7-a9c5da7ada1a]" "Bill Payment for Bill #1387 #b2047bde-f8a3-452c-9480-852284ae1495 92579882-163b-4376-bf47-8df5fd5b5381"
  Liabilities:CurrentLiabilities:AccountPayable 46449.67 HKD
  contact: "880 806 () [53b8789a-4451-4a1f-84f7-a9c5da7ada1a]"
  type: "Bill Payment"
  sourceId: "b2047bde-f8a3-452c-9480-852284ae1495"
  referenceNo: "1387"
  orderId: "92579882-163b-4376-bf47-8df5fd5b5381"
  Assets:CurrentAssets:Bank:BocVisaCard-DavidBank -46449.67 HKD
  type: "Bill Payment"
  sourceId: "b2047bde-f8a3-452c-9480-852284ae1495"
  referenceNo: "1387"
  orderId: "92579882-163b-4376-bf47-8df5fd5b5381"
2024-10-25 * "880 806 () [53b8789a-4451-4a1f-84f7-a9c5da7ada1a]" "Bill Payment for Bill #1387 #7a13fb7b-89ee-4283-99f4-17cb5d68323f 92579882-163b-4376-bf47-8df5fd5b5381"
  Liabilities:CurrentLiabilities:AccountPayable 78.00 HKD
  contact: "880 806 () [53b8789a-4451-4a1f-84f7-a9c5da7ada1a]"
  type: "Bill Payment"
  sourceId: "7a13fb7b-89ee-4283-99f4-17cb5d68323f"
  referenceNo: "1387"
  orderId: "92579882-163b-4376-bf47-8df5fd5b5381"
  Assets:CurrentAssets:Bank:BocVisaCard-DavidBank -78.00 HKD
  type: "Bill Payment"
  sourceId: "7a13fb7b-89ee-4283-99f4-17cb5d68323f"
  referenceNo: "1387"
  orderId: "92579882-163b-4376-bf47-8df5fd5b5381"
2024-10-25 * "880 806 () [53b8789a-4451-4a1f-84f7-a9c5da7ada1a]" "Bill Payment for Bill #1387 #9c1fa38f-084e-4865-8c3c-9f4888ea67e7 92579882-163b-4376-bf47-8df5fd5b5381"
  Liabilities:CurrentLiabilities:AccountPayable 158.56 HKD
  contact: "880 806 () [53b8789a-4451-4a1f-84f7-a9c5da7ada1a]"
  type: "Bill Payment"
  sourceId: "9c1fa38f-084e-4865-8c3c-9f4888ea67e7"
  referenceNo: "1387"
  orderId: "92579882-163b-4376-bf47-8df5fd5b5381"
  Assets:CurrentAssets:Bank:BocVisaCard-DavidBank -158.56 HKD
  type: "Bill Payment"
  sourceId: "9c1fa38f-084e-4865-8c3c-9f4888ea67e7"
  referenceNo: "1387"
  orderId: "92579882-163b-4376-bf47-8df5fd5b5381"
2024-10-25 * "880 806 () [53b8789a-4451-4a1f-84f7-a9c5da7ada1a]" "Bill Payment for Bill #1387 #29359f29-e710-4983-8053-4cb2ae3dd152 92579882-163b-4376-bf47-8df5fd5b5381"
  Liabilities:CurrentLiabilities:AccountPayable 586.29 HKD
  contact: "880 806 () [53b8789a-4451-4a1f-84f7-a9c5da7ada1a]"
  type: "Bill Payment"
  sourceId: "29359f29-e710-4983-8053-4cb2ae3dd152"
  referenceNo: "1387"
  orderId: "92579882-163b-4376-bf47-8df5fd5b5381"
  Assets:CurrentAssets:Bank:BocVisaCard-DavidBank -586.29 HKD
  type: "Bill Payment"
  sourceId: "29359f29-e710-4983-8053-4cb2ae3dd152"
  referenceNo: "1387"
  orderId: "92579882-163b-4376-bf47-8df5fd5b5381"
2024-10-25 * "Assets:CurrentAssets:Bank:KpayBank" "Invoice Payment for Invoice #533 #3214983a-c0be-443c-84cf-2355a88fce72 a6ae6b97-b0d5-4f4c-8af6-365e17ea9908"
  Assets:CurrentAssets:Bank:KpayBank 1250.00 HKD
  type: "Invoice Payment"
  sourceId: "3214983a-c0be-443c-84cf-2355a88fce72"
  referenceNo: "533"
  orderId: "a6ae6b97-b0d5-4f4c-8af6-365e17ea9908"
  Assets:CurrentAssets:AccountReceivable -1250.00 HKD
  type: "Invoice Payment"
  sourceId: "3214983a-c0be-443c-84cf-2355a88fce72"
  referenceNo: "533"
  orderId: "a6ae6b97-b0d5-4f4c-8af6-365e17ea9908"
  contact: "852 96726752 (MsLeung) [1218dd08-15aa-4aa7-b624-18c50c9a3318]"
2024-10-25 * "Invoice #535 Order R2110 #12 8ecce2fd-4142-4ed1-b300-54a88da62b93"
  Income:Sales:SalesItem:Sell18kJewelry -3300.00 HKD
  category: "Jewelry"
  sku: "DD2024110700000001"
  qty: 1
  referenceNo: "535"
  orderId: "8ecce2fd-4142-4ed1-b300-54a88da62b93"
  type: "Invoice Item"
  sourceId: "b0db412d-2a68-4915-928c-178769337598"
  Assets:CurrentAssets:AccountReceivable
  referenceNo: "535"
  orderId: "8ecce2fd-4142-4ed1-b300-54a88da62b93"
  type: "Invoice"
  sourceId: "8ecce2fd-4142-4ed1-b300-54a88da62b93"
  contact: "852 94103674 (MSCAROLCHAU) [a0d34903-2300-4b23-b064-054a3db19330]"
2024-10-25 * "Bill #1137 12PCS SAP 18CT 7937d997-fac8-41c2-9145-ee862535ffaa"
  referenceNo: "1137"
  orderId: "7937d997-fac8-41c2-9145-ee862535ffaa"
  type: "Bill"
  Expenses:CostOfSales:Purchase:PurchaseItem:BuyGems 1275.00 HKD
  category: "Gem"
  sku: "SAP2417"
  qty: 1
  referenceNo: "1137"
  orderId: "7937d997-fac8-41c2-9145-ee862535ffaa"
  type: "Bill Item"
  sourceId: "ae30ff0c-04c0-459d-9dc6-487b8d77f24b"
  Expenses:CostOfSales:Purchase:PurchaseItem:BuyGems 1275.00 HKD
  category: "Gem"
  sku: "SAP2418"
  qty: 1
  referenceNo: "1137"
  orderId: "7937d997-fac8-41c2-9145-ee862535ffaa"
  type: "Bill Item"
  sourceId: "15fd7b5c-cd6c-4c71-8b97-1c48ed558d30"
  Expenses:CostOfSales:Purchase:PurchaseItem:BuyGems 1275.00 HKD
  category: "Gem"
  sku: "SAP2420"
  qty: 1
  referenceNo: "1137"
  orderId: "7937d997-fac8-41c2-9145-ee862535ffaa"
  type: "Bill Item"
  sourceId: "0227902a-3007-40bf-9111-bb1baea65c13"
  Expenses:CostOfSales:Purchase:PurchaseItem:BuyGems 1275.00 HKD
  category: "Gem"
  sku: "SAP2421"
  qty: 1
  referenceNo: "1137"
  orderId: "7937d997-fac8-41c2-9145-ee862535ffaa"
  type: "Bill Item"
  sourceId: "b1997bf0-e5e6-46b6-99e4-109f9f18d0c8"
  Expenses:CostOfSales:Purchase:PurchaseItem:BuyGems 1275.00 HKD
  category: "Gem"
  sku: "SAP2422"
  qty: 1
  referenceNo: "1137"
  orderId: "7937d997-fac8-41c2-9145-ee862535ffaa"
  type: "Bill Item"
  sourceId: "ebf0ba2c-a104-4fab-a19b-a25d275e787b"
  Expenses:CostOfSales:Purchase:PurchaseItem:BuyGems 1275.00 HKD
  category: "Gem"
  sku: "SAP2423"
  qty: 1
  referenceNo: "1137"
  orderId: "7937d997-fac8-41c2-9145-ee862535ffaa"
  type: "Bill Item"
  sourceId: "f91f78cb-7b65-42e6-b33c-ec53e4d52765"
  Expenses:CostOfSales:Purchase:PurchaseItem:BuyGems 1275.00 HKD
  category: "Gem"
  sku: "SAP2424"
  qty: 1
  referenceNo: "1137"
  orderId: "7937d997-fac8-41c2-9145-ee862535ffaa"
  type: "Bill Item"
  sourceId: "a03adc25-c727-4070-82f2-0b0607746aba"
  Expenses:CostOfSales:Purchase:PurchaseItem:BuyGems 1275.00 HKD
  category: "Gem"
  sku: "SAP2425"
  qty: 1
  referenceNo: "1137"
  orderId: "7937d997-fac8-41c2-9145-ee862535ffaa"
  type: "Bill Item"
  sourceId: "9258ffe9-6b5b-4753-8183-c121ef431823"
  Expenses:CostOfSales:Purchase:PurchaseItem:BuyGems 1275.00 HKD
  category: "Gem"
  sku: "SAP2426"
  qty: 1
  referenceNo: "1137"
  orderId: "7937d997-fac8-41c2-9145-ee862535ffaa"
  type: "Bill Item"
  sourceId: "aba1e150-7ec8-45ce-a9e9-28b00632005c"
  Expenses:CostOfSales:Purchase:PurchaseItem:BuyGems 1275.00 HKD
  category: "Gem"
  sku: "SAP2427"
  qty: 1
  referenceNo: "1137"
  orderId: "7937d997-fac8-41c2-9145-ee862535ffaa"
  type: "Bill Item"
  sourceId: "e22d69d6-5ea6-4139-b024-4b670498b49f"
  Expenses:CostOfSales:Purchase:PurchaseItem:BuyGems 1275.00 HKD
  category: "Gem"
  sku: "SAP2428"
  qty: 1
  referenceNo: "1137"
  orderId: "7937d997-fac8-41c2-9145-ee862535ffaa"
  type: "Bill Item"
  sourceId: "05f69246-d0b1-46d6-8f5e-fca15453f66b"
  Expenses:CostOfSales:Purchase:PurchaseItem:BuyGems 1275.00 HKD
  category: "Gem"
  sku: "SAP2419"
  qty: 1
  referenceNo: "1137"
  orderId: "7937d997-fac8-41c2-9145-ee862535ffaa"
  type: "Bill Item"
  sourceId: "29f58c18-5f6e-40c9-b3fa-7934fcfc450a"
  Liabilities:CurrentLiabilities:AccountPayable
  referenceNo: "1137"
  orderId: "7937d997-fac8-41c2-9145-ee862535ffaa"
  type: "Bill"
  sourceId: "7937d997-fac8-41c2-9145-ee862535ffaa"
  contact: "94 773169500 (GIMHANGEMS) [e8c1b76f-4e07-4c85-8bab-e3e4e34a5034]"
2024-10-25 * "94 773169500 (GIMHANGEMS) [e8c1b76f-4e07-4c85-8bab-e3e4e34a5034]" "Bill Payment for Bill #1137 #70dbf465-01aa-4de7-a66d-89fc9f1f7d90 7937d997-fac8-41c2-9145-ee862535ffaa"
  Liabilities:CurrentLiabilities:AccountPayable 15300.00 HKD
  contact: "94 773169500 (GIMHANGEMS) [e8c1b76f-4e07-4c85-8bab-e3e4e34a5034]"
  type: "Bill Payment"
  sourceId: "70dbf465-01aa-4de7-a66d-89fc9f1f7d90"
  referenceNo: "1137"
  orderId: "7937d997-fac8-41c2-9145-ee862535ffaa"
  Liabilities:CurrentLiabilities:CurrentAccount:C-a-MilrichElectronicsHkCoLtd -15300.00 HKD
  type: "Bill Payment"
  sourceId: "70dbf465-01aa-4de7-a66d-89fc9f1f7d90"
  referenceNo: "1137"
  orderId: "7937d997-fac8-41c2-9145-ee862535ffaa"
2024-10-26 * "Assets:CurrentAssets:Bank:BocSavingBank" "Invoice Payment for Invoice #524 #a2093a0a-f668-4244-b0aa-1db5cec84e26 dcf06e6f-0fdc-47d5-913f-2e3d81ed6b78"
  Assets:CurrentAssets:Bank:BocSavingBank 2600.00 HKD
  type: "Invoice Payment"
  sourceId: "a2093a0a-f668-4244-b0aa-1db5cec84e26"
  referenceNo: "524"
  orderId: "dcf06e6f-0fdc-47d5-913f-2e3d81ed6b78"
  Assets:CurrentAssets:AccountReceivable -2600.00 HKD
  type: "Invoice Payment"
  sourceId: "a2093a0a-f668-4244-b0aa-1db5cec84e26"
  referenceNo: "524"
  orderId: "dcf06e6f-0fdc-47d5-913f-2e3d81ed6b78"
  contact: "852 94103674 (MSCAROLCHAU) [a0d34903-2300-4b23-b064-054a3db19330]"
2024-10-26 * "Assets:CurrentAssets:Bank:KpayBank" "Invoice Payment for Invoice #535 #6d030f19-2b02-4922-b3c4-4ed4e99d03bb 8ecce2fd-4142-4ed1-b300-54a88da62b93"
  Assets:CurrentAssets:Bank:KpayBank 1650.00 HKD
  type: "Invoice Payment"
  sourceId: "6d030f19-2b02-4922-b3c4-4ed4e99d03bb"
  referenceNo: "535"
  orderId: "8ecce2fd-4142-4ed1-b300-54a88da62b93"
  Assets:CurrentAssets:AccountReceivable -1650.00 HKD
  type: "Invoice Payment"
  sourceId: "6d030f19-2b02-4922-b3c4-4ed4e99d03bb"
  referenceNo: "535"
  orderId: "8ecce2fd-4142-4ed1-b300-54a88da62b93"
  contact: "852 94103674 (MSCAROLCHAU) [a0d34903-2300-4b23-b064-054a3db19330]"
2024-10-26 * "Invoice #686 STAFF~余哥 Stock Gold Jewellery 17.42g bffdb841-af77-4c2a-9903-9fa315c96780"
  Income:Sales:SalesItem:SellGoldJewelry -10000.00 HKD
  category: "Gold Jewelry"
  sku: "DDFF23051203000000000013"
  qty: 1
  referenceNo: "686"
  orderId: "bffdb841-af77-4c2a-9903-9fa315c96780"
  type: "Invoice Item"
  sourceId: "7ae9648e-2f7b-459e-aec4-08a058e0a972"
  Assets:CurrentAssets:AccountReceivable
  referenceNo: "686"
  orderId: "bffdb841-af77-4c2a-9903-9fa315c96780"
  type: "Invoice"
  sourceId: "bffdb841-af77-4c2a-9903-9fa315c96780"
  contact: "852 98340919 (余志樑) [f79372f7-93f5-4984-b40e-362db7c62359]"
2024-10-27 * "Assets:CurrentAssets:Bank:KpayBank" "Invoice Payment for Invoice #686 #131f36cf-d8e7-4578-99f9-feed4448ae5b bffdb841-af77-4c2a-9903-9fa315c96780"
  Assets:CurrentAssets:Bank:KpayBank 10000.00 HKD
  type: "Invoice Payment"
  sourceId: "131f36cf-d8e7-4578-99f9-feed4448ae5b"
  referenceNo: "686"
  orderId: "bffdb841-af77-4c2a-9903-9fa315c96780"
  Assets:CurrentAssets:AccountReceivable -10000.00 HKD
  type: "Invoice Payment"
  sourceId: "131f36cf-d8e7-4578-99f9-feed4448ae5b"
  referenceNo: "686"
  orderId: "bffdb841-af77-4c2a-9903-9fa315c96780"
  contact: "852 98340919 (余志樑) [f79372f7-93f5-4984-b40e-362db7c62359]"
2024-10-27 * "Invoice #536 Staff~ Stock Gold Jewellery 84.18g 9f2b5637-51c2-4ef0-a9b2-a0e9cbefe4fa"
  Income:Sales:SalesItem:SellGoldJewelry -14000.00 HKD
  category: "Gold Jewelry"
  sku: "DDFF23051204000000000030"
  qty: 1
  referenceNo: "536"
  orderId: "9f2b5637-51c2-4ef0-a9b2-a0e9cbefe4fa"
  type: "Invoice Item"
  sourceId: "c97ac20b-6963-4c63-a03e-09879d5a1bdb"
  Income:Sales:SalesItem:SellGoldJewelry -0.00 HKD
  category: "Gold Jewelry"
  sku: "DD2310200000000000000087"
  qty: 1
  referenceNo: "536"
  orderId: "9f2b5637-51c2-4ef0-a9b2-a0e9cbefe4fa"
  type: "Invoice Item"
  sourceId: "98b9b3fb-2795-435c-84ff-a81490427c71"
  Income:Sales:SalesItem:SellGoldJewelry -23000.00 HKD
  category: "Gold Jewelry"
  sku: "DD2310200000000000000086"
  qty: 1
  referenceNo: "536"
  orderId: "9f2b5637-51c2-4ef0-a9b2-a0e9cbefe4fa"
  type: "Invoice Item"
  sourceId: "fa4f03fd-ad4c-459e-8fae-743f760c8b18"
  Income:Sales:SalesItem:SellGoldJewelry -13500.00 HKD
  category: "Gold Jewelry"
  sku: "DDFF23051204000000000025"
  qty: 1
  referenceNo: "536"
  orderId: "9f2b5637-51c2-4ef0-a9b2-a0e9cbefe4fa"
  type: "Invoice Item"
  sourceId: "72798fec-c233-4e77-bfb3-0e7715b1f700"
  Assets:CurrentAssets:AccountReceivable
  referenceNo: "536"
  orderId: "9f2b5637-51c2-4ef0-a9b2-a0e9cbefe4fa"
  type: "Invoice"
  sourceId: "9f2b5637-51c2-4ef0-a9b2-a0e9cbefe4fa"
  contact: "852 90551171 (VIDA) [e6849602-7837-4c55-9238-f7eacce03b4f]"
2024-10-27 * "Assets:CurrentAssets:Bank:KpayBank" "Invoice Payment for Invoice #536 #c9158c29-14fb-4ade-8ec5-c2275086117b 9f2b5637-51c2-4ef0-a9b2-a0e9cbefe4fa"
  Assets:CurrentAssets:Bank:KpayBank 50500.00 HKD
  type: "Invoice Payment"
  sourceId: "c9158c29-14fb-4ade-8ec5-c2275086117b"
  referenceNo: "536"
  orderId: "9f2b5637-51c2-4ef0-a9b2-a0e9cbefe4fa"
  Assets:CurrentAssets:AccountReceivable -50500.00 HKD
  type: "Invoice Payment"
  sourceId: "c9158c29-14fb-4ade-8ec5-c2275086117b"
  referenceNo: "536"
  orderId: "9f2b5637-51c2-4ef0-a9b2-a0e9cbefe4fa"
  contact: "852 90551171 (VIDA) [e6849602-7837-4c55-9238-f7eacce03b4f]"
2024-10-27 * "Invoice #537 Staff~ Vida Stock Gold Jewellery 36.86g 540473c0-50d6-4843-8a73-07d63c0cf5aa"
  Income:Sales:SalesItem:SellGoldJewelry -9500.00 HKD
  category: "Gold Jewelry"
  sku: "DD2310200000000000000200"
  qty: 1
  referenceNo: "537"
  orderId: "540473c0-50d6-4843-8a73-07d63c0cf5aa"
  type: "Invoice Item"
  sourceId: "6cc130ac-8597-49b3-8b59-8d4a5cb0cdf5"
  Income:Sales:SalesItem:SellGoldJewelry -4500.00 HKD
  category: "Gold Jewelry"
  sku: "DDFF23051701000000000003"
  qty: 1
  referenceNo: "537"
  orderId: "540473c0-50d6-4843-8a73-07d63c0cf5aa"
  type: "Invoice Item"
  sourceId: "cc1b6a68-9bf3-410b-bb2e-5ce4b481cf7b"
  Income:Sales:SalesItem:SellGoldJewelry -6500.00 HKD
  category: "Gold Jewelry"
  sku: "DDFF23051701000000000004"
  qty: 1
  referenceNo: "537"
  orderId: "540473c0-50d6-4843-8a73-07d63c0cf5aa"
  type: "Invoice Item"
  sourceId: "7dbe93bd-897e-44f3-9767-77aaa6e0bba0"
  Assets:CurrentAssets:AccountReceivable
  referenceNo: "537"
  orderId: "540473c0-50d6-4843-8a73-07d63c0cf5aa"
  type: "Invoice"
  sourceId: "540473c0-50d6-4843-8a73-07d63c0cf5aa"
  contact: "852 90551171 (VIDA) [e6849602-7837-4c55-9238-f7eacce03b4f]"
2024-10-27 * "Assets:CurrentAssets:Bank:KpayBank" "Invoice Payment for Invoice #537 #8afc077c-482c-482a-b32f-b4a4d75b1b2d 540473c0-50d6-4843-8a73-07d63c0cf5aa"
  Assets:CurrentAssets:Bank:KpayBank 20500.00 HKD
  type: "Invoice Payment"
  sourceId: "8afc077c-482c-482a-b32f-b4a4d75b1b2d"
  referenceNo: "537"
  orderId: "540473c0-50d6-4843-8a73-07d63c0cf5aa"
  Assets:CurrentAssets:AccountReceivable -20500.00 HKD
  type: "Invoice Payment"
  sourceId: "8afc077c-482c-482a-b32f-b4a4d75b1b2d"
  referenceNo: "537"
  orderId: "540473c0-50d6-4843-8a73-07d63c0cf5aa"
  contact: "852 90551171 (VIDA) [e6849602-7837-4c55-9238-f7eacce03b4f]"
2024-10-28 * "Bill #1166 G17上網(2024-11月) bb5ef744-aba3-4aa0-a3a0-fae0fafc023c"
  referenceNo: "1166"
  orderId: "bb5ef744-aba3-4aa0-a3a0-fae0fafc023c"
  type: "Bill"
  Expenses:GeneralExpense:TelephoneAndInternetAndAlarm 338.00 HKD
  qty: "1"
  description: "G17上網(2024-11月)"
  referenceNo: "1166"
  orderId: "bb5ef744-aba3-4aa0-a3a0-fae0fafc023c"
  type: "Bill Item"
  sourceId: "eab9e79e-565d-4ef8-9bb5-9c23a5b1ed32"
  Liabilities:CurrentLiabilities:AccountPayable
  referenceNo: "1166"
  orderId: "bb5ef744-aba3-4aa0-a3a0-fae0fafc023c"
  type: "Bill"
  sourceId: "bb5ef744-aba3-4aa0-a3a0-fae0fafc023c"
  contact: "880 806 () [53b8789a-4451-4a1f-84f7-a9c5da7ada1a]"
2024-10-28 * "Bill #1180 10月2024年MPF 51145d7d-9ba5-4907-af7f-041494dd7ad8"
  referenceNo: "1180"
  orderId: "51145d7d-9ba5-4907-af7f-041494dd7ad8"
  type: "Bill"
  Expenses:GeneralExpense:Mpf 7100.00 HKD
  qty: "1"
  description: " 10月2024年MPF"
  referenceNo: "1180"
  orderId: "51145d7d-9ba5-4907-af7f-041494dd7ad8"
  type: "Bill Item"
  sourceId: "ad1465b6-66db-48f8-b96d-d87c30721267"
  Liabilities:CurrentLiabilities:AccountPayable
  referenceNo: "1180"
  orderId: "51145d7d-9ba5-4907-af7f-041494dd7ad8"
  type: "Bill"
  sourceId: "51145d7d-9ba5-4907-af7f-041494dd7ad8"
  contact: "880 806 () [53b8789a-4451-4a1f-84f7-a9c5da7ada1a]"
2024-10-28 * "Bill #1168 AE Credit Card payment (24年10月) 13469f15-76e7-49d3-aefe-d466bf259245"
  referenceNo: "1168"
  orderId: "13469f15-76e7-49d3-aefe-d466bf259245"
  type: "Bill"
  Expenses:GeneralExpense:OfficeExpenses 17768.98 HKD
  qty: "1"
  description: "AE Credit Card payment (24年10月)"
  referenceNo: "1168"
  orderId: "13469f15-76e7-49d3-aefe-d466bf259245"
  type: "Bill Item"
  sourceId: "3bf06f7f-0a1f-41f5-b568-6688664b981e"
  Liabilities:CurrentLiabilities:AccountPayable
  referenceNo: "1168"
  orderId: "13469f15-76e7-49d3-aefe-d466bf259245"
  type: "Bill"
  sourceId: "13469f15-76e7-49d3-aefe-d466bf259245"
  contact: "880 806 () [53b8789a-4451-4a1f-84f7-a9c5da7ada1a]"
2024-10-28 * "880 806 () [53b8789a-4451-4a1f-84f7-a9c5da7ada1a]" "Bill Payment for Bill #1166 #37afaa06-9689-4fd4-b45d-7f1541b751a5 bb5ef744-aba3-4aa0-a3a0-fae0fafc023c"
  Liabilities:CurrentLiabilities:AccountPayable 338.00 HKD
  contact: "880 806 () [53b8789a-4451-4a1f-84f7-a9c5da7ada1a]"
  type: "Bill Payment"
  sourceId: "37afaa06-9689-4fd4-b45d-7f1541b751a5"
  referenceNo: "1166"
  orderId: "bb5ef744-aba3-4aa0-a3a0-fae0fafc023c"
  Liabilities:CurrentLiabilities:CurrentAccount:C-a-MilrichElectronicsHkCoLtd -338.00 HKD
  type: "Bill Payment"
  sourceId: "37afaa06-9689-4fd4-b45d-7f1541b751a5"
  referenceNo: "1166"
  orderId: "bb5ef744-aba3-4aa0-a3a0-fae0fafc023c"
2024-10-28 * "880 806 () [53b8789a-4451-4a1f-84f7-a9c5da7ada1a]" "Bill Payment for Bill #1180 #72e38162-62a6-44ff-b4da-0e5b0dab37ac 51145d7d-9ba5-4907-af7f-041494dd7ad8"
  Liabilities:CurrentLiabilities:AccountPayable 7100.00 HKD
  contact: "880 806 () [53b8789a-4451-4a1f-84f7-a9c5da7ada1a]"
  type: "Bill Payment"
  sourceId: "72e38162-62a6-44ff-b4da-0e5b0dab37ac"
  referenceNo: "1180"
  orderId: "51145d7d-9ba5-4907-af7f-041494dd7ad8"
  Assets:CurrentAssets:Bank:BocCurrentBank -7100.00 HKD
  type: "Bill Payment"
  sourceId: "72e38162-62a6-44ff-b4da-0e5b0dab37ac"
  referenceNo: "1180"
  orderId: "51145d7d-9ba5-4907-af7f-041494dd7ad8"
2024-10-28 * "880 806 () [53b8789a-4451-4a1f-84f7-a9c5da7ada1a]" "Bill Payment for Bill #1168 #186efbe6-740e-4ba9-b919-4a7a64a2247d 13469f15-76e7-49d3-aefe-d466bf259245"
  Liabilities:CurrentLiabilities:AccountPayable 17768.98 HKD
  contact: "880 806 () [53b8789a-4451-4a1f-84f7-a9c5da7ada1a]"
  type: "Bill Payment"
  sourceId: "186efbe6-740e-4ba9-b919-4a7a64a2247d"
  referenceNo: "1168"
  orderId: "13469f15-76e7-49d3-aefe-d466bf259245"
  Assets:CurrentAssets:Bank:BocSavingBank -17768.98 HKD
  type: "Bill Payment"
  sourceId: "186efbe6-740e-4ba9-b919-4a7a64a2247d"
  referenceNo: "1168"
  orderId: "13469f15-76e7-49d3-aefe-d466bf259245"
2024-10-30 * "Bill #1171 SALARY 24年10月 32648ccb-fba6-410e-8f23-4781edfa736d"
  referenceNo: "1171"
  orderId: "32648ccb-fba6-410e-8f23-4781edfa736d"
  type: "Bill"
  Expenses:GeneralExpense:BankFeesExpense 2.10 HKD
  qty: "1"
  description: "BANK FEE "
  referenceNo: "1171"
  orderId: "32648ccb-fba6-410e-8f23-4781edfa736d"
  type: "Bill Item"
  sourceId: "b2c29be9-0c83-43e8-9d3a-d88aef39a6d2"
  Expenses:GeneralExpense:WagesAndSalaries 67450.00 HKD
  qty: "1"
  description: "SALARY 24年10月"
  referenceNo: "1171"
  orderId: "32648ccb-fba6-410e-8f23-4781edfa736d"
  type: "Bill Item"
  sourceId: "ce230177-9560-461f-9b9b-30e4ae069619"
  Liabilities:CurrentLiabilities:AccountPayable
  referenceNo: "1171"
  orderId: "32648ccb-fba6-410e-8f23-4781edfa736d"
  type: "Bill"
  sourceId: "32648ccb-fba6-410e-8f23-4781edfa736d"
  contact: "880 806 () [53b8789a-4451-4a1f-84f7-a9c5da7ada1a]"
2024-10-30 * "Bill #1144 DKK 雜項 5e41fb50-fee3-452b-96aa-d7c204b252cd"
  referenceNo: "1144"
  orderId: "5e41fb50-fee3-452b-96aa-d7c204b252cd"
  type: "Bill"
  Expenses:GeneralExpense:TransportationAndCourier 20.00 HKD
  qty: "1"
  description: "DKK 運費"
  referenceNo: "1144"
  orderId: "5e41fb50-fee3-452b-96aa-d7c204b252cd"
  type: "Bill Item"
  sourceId: "4e03b4bf-7107-4d9e-9e5b-4e90e05323e3"
  Expenses:GeneralExpense:TransportationAndCourier 20.00 HKD
  qty: "1"
  description: "DKK 寄支票給美泰樂"
  referenceNo: "1144"
  orderId: "5e41fb50-fee3-452b-96aa-d7c204b252cd"
  type: "Bill Item"
  sourceId: "fec0f266-4287-48c2-ab40-fdef9e70a515"
  Liabilities:CurrentLiabilities:AccountPayable
  referenceNo: "1144"
  orderId: "5e41fb50-fee3-452b-96aa-d7c204b252cd"
  type: "Bill"
  sourceId: "5e41fb50-fee3-452b-96aa-d7c204b252cd"
  contact: "880 806 () [53b8789a-4451-4a1f-84f7-a9c5da7ada1a]"
2024-10-30 * "880 806 () [53b8789a-4451-4a1f-84f7-a9c5da7ada1a]" "Bill Payment for Bill #1144 #ca08c227-4e1c-47a4-b735-cb0ef4ebdd52 5e41fb50-fee3-452b-96aa-d7c204b252cd"
  Liabilities:CurrentLiabilities:AccountPayable 40.00 HKD
  contact: "880 806 () [53b8789a-4451-4a1f-84f7-a9c5da7ada1a]"
  type: "Bill Payment"
  sourceId: "ca08c227-4e1c-47a4-b735-cb0ef4ebdd52"
  referenceNo: "1144"
  orderId: "5e41fb50-fee3-452b-96aa-d7c204b252cd"
  Liabilities:CurrentLiabilities:CurrentAccount:C-a-MilrichElectronicsHkCoLtd -40.00 HKD
  type: "Bill Payment"
  sourceId: "ca08c227-4e1c-47a4-b735-cb0ef4ebdd52"
  referenceNo: "1144"
  orderId: "5e41fb50-fee3-452b-96aa-d7c204b252cd"
2024-10-30 * "880 806 () [53b8789a-4451-4a1f-84f7-a9c5da7ada1a]" "Bill Payment for Bill #1171 #d8200422-3bbd-420d-89be-875c5264aa19 32648ccb-fba6-410e-8f23-4781edfa736d"
  Liabilities:CurrentLiabilities:AccountPayable 2.10 HKD
  contact: "880 806 () [53b8789a-4451-4a1f-84f7-a9c5da7ada1a]"
  type: "Bill Payment"
  sourceId: "d8200422-3bbd-420d-89be-875c5264aa19"
  referenceNo: "1171"
  orderId: "32648ccb-fba6-410e-8f23-4781edfa736d"
  Assets:CurrentAssets:Bank:BocSavingBank -2.10 HKD
  type: "Bill Payment"
  sourceId: "d8200422-3bbd-420d-89be-875c5264aa19"
  referenceNo: "1171"
  orderId: "32648ccb-fba6-410e-8f23-4781edfa736d"
2024-10-30 * "880 806 () [53b8789a-4451-4a1f-84f7-a9c5da7ada1a]" "Bill Payment for Bill #1171 #1174dc1a-53e1-4226-8bfb-b7977446700d 32648ccb-fba6-410e-8f23-4781edfa736d"
  Liabilities:CurrentLiabilities:AccountPayable 67450.00 HKD
  contact: "880 806 () [53b8789a-4451-4a1f-84f7-a9c5da7ada1a]"
  type: "Bill Payment"
  sourceId: "1174dc1a-53e1-4226-8bfb-b7977446700d"
  referenceNo: "1171"
  orderId: "32648ccb-fba6-410e-8f23-4781edfa736d"
  Assets:CurrentAssets:Bank:BocSavingBank -67450.00 HKD
  type: "Bill Payment"
  sourceId: "1174dc1a-53e1-4226-8bfb-b7977446700d"
  referenceNo: "1171"
  orderId: "32648ccb-fba6-410e-8f23-4781edfa736d"
2024-10-30 * "Invoice #538 Stock R24103 77055e5a-1600-4208-bf60-33695c50275f"
  Income:Sales:SalesItem:Sell18kJewelry -6000.00 HKD
  category: "Jewelry"
  sku: "DD2404260000000000000008"
  qty: 1
  referenceNo: "538"
  orderId: "77055e5a-1600-4208-bf60-33695c50275f"
  type: "Invoice Item"
  sourceId: "279ac201-719f-40ec-9fe5-660d596aeaf1"
  Assets:CurrentAssets:AccountReceivable
  referenceNo: "538"
  orderId: "77055e5a-1600-4208-bf60-33695c50275f"
  type: "Invoice"
  sourceId: "77055e5a-1600-4208-bf60-33695c50275f"
  contact: "852 91310968 (AnnieTsang) [8c46b2ef-7bcb-4753-bd4b-ba2afb79a018]"
2024-10-30 * "Assets:CurrentAssets:Bank:KpayBank" "Invoice Payment for Invoice #538 #3e3763f2-fca3-43ee-8e6b-331ff51db746 77055e5a-1600-4208-bf60-33695c50275f"
  Assets:CurrentAssets:Bank:KpayBank 6000.00 HKD
  type: "Invoice Payment"
  sourceId: "3e3763f2-fca3-43ee-8e6b-331ff51db746"
  referenceNo: "538"
  orderId: "77055e5a-1600-4208-bf60-33695c50275f"
  Assets:CurrentAssets:AccountReceivable -6000.00 HKD
  type: "Invoice Payment"
  sourceId: "3e3763f2-fca3-43ee-8e6b-331ff51db746"
  referenceNo: "538"
  orderId: "77055e5a-1600-4208-bf60-33695c50275f"
  contact: "852 91310968 (AnnieTsang) [8c46b2ef-7bcb-4753-bd4b-ba2afb79a018]"
2024-10-31 * "Invoice #582 INTEREST e5e536bc-9384-484c-b20d-02639d664f51"
  Income:OtherIncome:Interest-bank -262.38 HKD
  description: "INTEREST"
  qty: 1
  referenceNo: "582"
  orderId: "e5e536bc-9384-484c-b20d-02639d664f51"
  type: "Invoice Item"
  sourceId: "db606f55-e771-421f-a75e-4e7a14ef68b9"
  Assets:CurrentAssets:AccountReceivable
  referenceNo: "582"
  orderId: "e5e536bc-9384-484c-b20d-02639d664f51"
  type: "Invoice"
  sourceId: "e5e536bc-9384-484c-b20d-02639d664f51"
  contact: "880 806 () [53b8789a-4451-4a1f-84f7-a9c5da7ada1a]"
2024-10-31 * "Invoice #595 Rebate From ICmarket 2024-10 6a8754fe-5bd4-4480-9fcc-e40b818ce8ea"
  Income:OtherIncome:RebateFromLp -609.09 USDT
  description: "Manual (Back office) 10-01至10-31"
  qty: 1
  referenceNo: "595"
  orderId: "6a8754fe-5bd4-4480-9fcc-e40b818ce8ea"
  type: "Invoice Item"
  sourceId: "d04f9562-0199-4182-a00c-9b959263a13d"
  Assets:CurrentAssets:AccountReceivable
  referenceNo: "595"
  orderId: "6a8754fe-5bd4-4480-9fcc-e40b818ce8ea"
  type: "Invoice"
  sourceId: "6a8754fe-5bd4-4480-9fcc-e40b818ce8ea"
  contact: "852 666666 (icmarket) [666112b8-2856-4ed8-8370-eb4b911be7b5]"
2024-10-31 * "Invoice #629 Assist MW in hedging used Icmarket acc 2024-10 6546980c-4e43-45e0-a2c0-60d88c277a23"
  Income:OtherIncome:AssistHedging金 -134494.74 USDT
  description: "Assist MW in hedging used Icmarket acc 2024.1001-1031"
  qty: 1
  referenceNo: "629"
  orderId: "6546980c-4e43-45e0-a2c0-60d88c277a23"
  type: "Invoice Item"
  sourceId: "c5c3a3dd-0809-4126-b79a-598ca15bde58"
  Assets:CurrentAssets:AccountReceivable
  referenceNo: "629"
  orderId: "6546980c-4e43-45e0-a2c0-60d88c277a23"
  type: "Invoice"
  sourceId: "6546980c-4e43-45e0-a2c0-60d88c277a23"
  contact: "852 62244422 (MilwaysGoldLtd萬寶黄金有限公司) [2dcfeea3-ab5e-40a3-a0af-00101f3873fa]"
2024-10-31 * "Invoice #604 Rebate From ICmarket 10-05至10-22 fc272d76-3534-48bc-8dc2-08385682c10c"
  Income:OtherIncome:RebateFromLp -17.75 USDT
  description: "Manual (Back office) 10-05至10-22"
  qty: 1
  referenceNo: "604"
  orderId: "fc272d76-3534-48bc-8dc2-08385682c10c"
  type: "Invoice Item"
  sourceId: "efab40f3-80e5-4498-8327-64d8deae5a50"
  Assets:CurrentAssets:AccountReceivable
  referenceNo: "604"
  orderId: "fc272d76-3534-48bc-8dc2-08385682c10c"
  type: "Invoice"
  sourceId: "fc272d76-3534-48bc-8dc2-08385682c10c"
  contact: "852 666666 (icmarket) [666112b8-2856-4ed8-8370-eb4b911be7b5]"
2024-10-31 * "Bill #1210 Kpay 10/24 手續費 e63e0c9f-589a-44a8-b69d-9ae361d5a87b"
  referenceNo: "1210"
  orderId: "e63e0c9f-589a-44a8-b69d-9ae361d5a87b"
  type: "Bill"
  Expenses:GeneralExpense:CardFeeExpense 68.50 HKD
  qty: "1"
  description: "kpay171 (4500- 4,431.50=68.5)"
  referenceNo: "1210"
  orderId: "e63e0c9f-589a-44a8-b69d-9ae361d5a87b"
  type: "Bill Item"
  sourceId: "f139fee9-39c9-4b22-bba4-66e3ce3ece82"
  Expenses:GeneralExpense:CardFeeExpense 59.74 HKD
  qty: "1"
  description: " kpay164 (4895-4,835.26=59.74)"
  referenceNo: "1210"
  orderId: "e63e0c9f-589a-44a8-b69d-9ae361d5a87b"
  type: "Bill Item"
  sourceId: "ac7b063e-d99a-4848-a679-9419768206f5"
  Expenses:GeneralExpense:CardFeeExpense 103.91 HKD
  qty: "1"
  description: " kpay165 (7376-7,272.09=103.91)"
  referenceNo: "1210"
  orderId: "e63e0c9f-589a-44a8-b69d-9ae361d5a87b"
  type: "Bill Item"
  sourceId: "cea5a033-a0ce-4faa-a17b-842556966b08"
  Expenses:GeneralExpense:CardFeeExpense 99.28 HKD
  qty: "1"
  description: "kpay166 (8190-8,090.72=99.23)"
  referenceNo: "1210"
  orderId: "e63e0c9f-589a-44a8-b69d-9ae361d5a87b"
  type: "Bill Item"
  sourceId: "1050aace-2be3-468d-8a77-2ecf7d329a73"
  Expenses:GeneralExpense:CardFeeExpense 133.75 HKD
  qty: "1"
  description: "kpay167 (10750-10,616.25=133.75)"
  referenceNo: "1210"
  orderId: "e63e0c9f-589a-44a8-b69d-9ae361d5a87b"
  type: "Bill Item"
  sourceId: "ab8eb319-65ee-4dd1-971e-47ece5664f32"
  Expenses:GeneralExpense:CardFeeExpense 154.80 HKD
  qty: "1"
  description: " kpay162 (10977-10,822.20=154.8)"
  referenceNo: "1210"
  orderId: "e63e0c9f-589a-44a8-b69d-9ae361d5a87b"
  type: "Bill Item"
  sourceId: "3316ac7f-85c3-4251-89c8-53a08a1b5ded"
  Expenses:GeneralExpense:CardFeeExpense 80.20 HKD
  qty: "1"
  description: "kpay170 (6600-6,519.80=80.2)"
  referenceNo: "1210"
  orderId: "e63e0c9f-589a-44a8-b69d-9ae361d5a87b"
  type: "Bill Item"
  sourceId: "3ed9d2cd-b680-41a7-b336-6af218c5dd3a"
  Expenses:GeneralExpense:CardFeeExpense 38.50 HKD
  qty: "1"
  description: "kpay169 (2500-2,461.50=38.5)"
  referenceNo: "1210"
  orderId: "e63e0c9f-589a-44a8-b69d-9ae361d5a87b"
  type: "Bill Item"
  sourceId: "85832bd4-a83e-4ccd-ac89-78124c459d84"
  Expenses:GeneralExpense:CardFeeExpense 754.65 HKD
  qty: "1"
  description: " kpay163 (50243-49,488.35=754.65)"
  referenceNo: "1210"
  orderId: "e63e0c9f-589a-44a8-b69d-9ae361d5a87b"
  type: "Bill Item"
  sourceId: "cddd6cb8-a6e1-4985-91f8-9351b4c45053"
  Expenses:GeneralExpense:CardFeeExpense 568.00 HKD
  qty: "1"
  description: "kpay168 (37800-37,232.00=568)"
  referenceNo: "1210"
  orderId: "e63e0c9f-589a-44a8-b69d-9ae361d5a87b"
  type: "Bill Item"
  sourceId: "bfa257ff-0a84-4b22-93e9-65339c249073"
  Expenses:GeneralExpense:CardFeeExpense 25.75 HKD
  qty: "1"
  description: " kpay176 (1650-1,624.25=25.75)"
  referenceNo: "1210"
  orderId: "e63e0c9f-589a-44a8-b69d-9ae361d5a87b"
  type: "Bill Item"
  sourceId: "905ce75d-fc08-4add-ae43-7f4b5a116424"
  Expenses:GeneralExpense:CardFeeExpense 19.75 HKD
  qty: "1"
  description: " kpay175 (1250-1,230.25=19.75)"
  referenceNo: "1210"
  orderId: "e63e0c9f-589a-44a8-b69d-9ae361d5a87b"
  type: "Bill Item"
  sourceId: "72f7831c-26de-434d-97fc-8e81bbb14979"
  Expenses:GeneralExpense:CardFeeExpense 1216.00 HKD
  qty: "1"
  description: "kpay174 (81000-79,784.00=1216)"
  referenceNo: "1210"
  orderId: "e63e0c9f-589a-44a8-b69d-9ae361d5a87b"
  type: "Bill Item"
  sourceId: "61251399-6385-474b-9ebe-d2e35177d47c"
  Expenses:GeneralExpense:CardFeeExpense 50.50 HKD
  qty: "1"
  description: "kpay173 (3300-3,249.50=50.5)"
  referenceNo: "1210"
  orderId: "e63e0c9f-589a-44a8-b69d-9ae361d5a87b"
  type: "Bill Item"
  sourceId: "3478c77d-6dac-4cb0-bb4c-d62a8e7daa68"
  Expenses:GeneralExpense:CardFeeExpense 8.20 HKD
  qty: "1"
  description: " kpay172 (600-591.80=8.2)"
  referenceNo: "1210"
  orderId: "e63e0c9f-589a-44a8-b69d-9ae361d5a87b"
  type: "Bill Item"
  sourceId: "eab02fab-9558-49b1-bbec-b02e4be12f27"
  Liabilities:CurrentLiabilities:AccountPayable
  referenceNo: "1210"
  orderId: "e63e0c9f-589a-44a8-b69d-9ae361d5a87b"
  type: "Bill"
  sourceId: "e63e0c9f-589a-44a8-b69d-9ae361d5a87b"
  contact: "998 12345821 (KPAY) [5a706f32-7edc-48d8-ae47-62fee1e8bba1]"
2024-10-31 * "Bill #1187 Cost of Hedging (金) 2024-10 1c42b0cc-07d3-4240-b4d7-d925160b6bb9"
  referenceNo: "1187"
  orderId: "1c42b0cc-07d3-4240-b4d7-d925160b6bb9"
  type: "Bill"
  Expenses:OtherExpenses:CostOfHedging金 134494.74 USDT
  qty: "1"
  description: "Closed Trade P/L 10-01至10-31"
  referenceNo: "1187"
  orderId: "1c42b0cc-07d3-4240-b4d7-d925160b6bb9"
  type: "Bill Item"
  sourceId: "1d71f7eb-d415-41d3-9437-892c478940fd"
  Liabilities:CurrentLiabilities:AccountPayable
  referenceNo: "1187"
  orderId: "1c42b0cc-07d3-4240-b4d7-d925160b6bb9"
  type: "Bill"
  sourceId: "1c42b0cc-07d3-4240-b4d7-d925160b6bb9"
  contact: "852 666666 (icmarket) [666112b8-2856-4ed8-8370-eb4b911be7b5]"
2024-10-31 * "Bill #1192 Lost of Invest-MT57170667-2024-10-03至 10-22 34724220-e6ec-4188-8209-98bf95ed70fe"
  referenceNo: "1192"
  orderId: "34724220-e6ec-4188-8209-98bf95ed70fe"
  type: "Bill"
  Expenses:OtherExpenses:LostOfInvestment 733.93 USDT
  qty: "1"
  description: "Closed Trade P/L 10-03至 10-22"
  referenceNo: "1192"
  orderId: "34724220-e6ec-4188-8209-98bf95ed70fe"
  type: "Bill Item"
  sourceId: "857fa414-5b0c-4821-bc37-d3f49e7a1f6e"
  Liabilities:CurrentLiabilities:AccountPayable
  referenceNo: "1192"
  orderId: "34724220-e6ec-4188-8209-98bf95ed70fe"
  type: "Bill"
  sourceId: "34724220-e6ec-4188-8209-98bf95ed70fe"
  contact: "852 666666 (icmarket) [666112b8-2856-4ed8-8370-eb4b911be7b5]"
2024-10-31 * "Assets:CurrentAssets:Bank:BocSavingBank" "Invoice Payment for Invoice #582 #05ca68de-ad96-49f6-96fa-96f845f290f8 e5e536bc-9384-484c-b20d-02639d664f51"
  Assets:CurrentAssets:Bank:BocSavingBank 262.38 HKD
  type: "Invoice Payment"
  sourceId: "05ca68de-ad96-49f6-96fa-96f845f290f8"
  referenceNo: "582"
  orderId: "e5e536bc-9384-484c-b20d-02639d664f51"
  Assets:CurrentAssets:AccountReceivable -262.38 HKD
  type: "Invoice Payment"
  sourceId: "05ca68de-ad96-49f6-96fa-96f845f290f8"
  referenceNo: "582"
  orderId: "e5e536bc-9384-484c-b20d-02639d664f51"
  contact: "880 806 () [53b8789a-4451-4a1f-84f7-a9c5da7ada1a]"
2024-10-31 * "Assets:CurrentAssets:E-tradingPlatform:Mt511193568金" "Invoice Payment for Invoice #595 #9fc8a55b-1092-4ae1-b1ca-0d3fd5ccb58d 6a8754fe-5bd4-4480-9fcc-e40b818ce8ea"
  Assets:CurrentAssets:E-tradingPlatform:Mt511193568金 609.09 USDT
  type: "Invoice Payment"
  sourceId: "9fc8a55b-1092-4ae1-b1ca-0d3fd5ccb58d"
  referenceNo: "595"
  orderId: "6a8754fe-5bd4-4480-9fcc-e40b818ce8ea"
  Assets:CurrentAssets:AccountReceivable -609.09 USDT
  type: "Invoice Payment"
  sourceId: "9fc8a55b-1092-4ae1-b1ca-0d3fd5ccb58d"
  referenceNo: "595"
  orderId: "6a8754fe-5bd4-4480-9fcc-e40b818ce8ea"
  contact: "852 666666 (icmarket) [666112b8-2856-4ed8-8370-eb4b911be7b5]"
2024-10-31 * "Assets:CurrentAssets:Wallet:DkkCWallet金料" "Invoice Payment for Invoice #629 #6bb0337d-6e0b-4fe7-9282-4f45098f55d9 6546980c-4e43-45e0-a2c0-60d88c277a23"
  Assets:CurrentAssets:Wallet:DkkCWallet金料 134494.74 USDT
  type: "Invoice Payment"
  sourceId: "6bb0337d-6e0b-4fe7-9282-4f45098f55d9"
  referenceNo: "629"
  orderId: "6546980c-4e43-45e0-a2c0-60d88c277a23"
  Assets:CurrentAssets:AccountReceivable -134494.74 USDT
  type: "Invoice Payment"
  sourceId: "6bb0337d-6e0b-4fe7-9282-4f45098f55d9"
  referenceNo: "629"
  orderId: "6546980c-4e43-45e0-a2c0-60d88c277a23"
  contact: "852 62244422 (MilwaysGoldLtd萬寶黄金有限公司) [2dcfeea3-ab5e-40a3-a0af-00101f3873fa]"
2024-10-31 * "Assets:CurrentAssets:E-tradingPlatform:Mt57170667Invest" "Invoice Payment for Invoice #604 #0a9770aa-06d5-4ea5-a5d3-59fae7849ae0 fc272d76-3534-48bc-8dc2-08385682c10c"
  Assets:CurrentAssets:E-tradingPlatform:Mt57170667Invest 17.75 USDT
  type: "Invoice Payment"
  sourceId: "0a9770aa-06d5-4ea5-a5d3-59fae7849ae0"
  referenceNo: "604"
  orderId: "fc272d76-3534-48bc-8dc2-08385682c10c"
  Assets:CurrentAssets:AccountReceivable -17.75 USDT
  type: "Invoice Payment"
  sourceId: "0a9770aa-06d5-4ea5-a5d3-59fae7849ae0"
  referenceNo: "604"
  orderId: "fc272d76-3534-48bc-8dc2-08385682c10c"
  contact: "852 666666 (icmarket) [666112b8-2856-4ed8-8370-eb4b911be7b5]"
2024-10-31 * "998 12345821 (KPAY) [5a706f32-7edc-48d8-ae47-62fee1e8bba1]" "Bill Payment for Bill #1210 #675fedc8-acc4-4946-9d9a-f354c3643cfa e63e0c9f-589a-44a8-b69d-9ae361d5a87b"
  Liabilities:CurrentLiabilities:AccountPayable 3381.53 HKD
  contact: "998 12345821 (KPAY) [5a706f32-7edc-48d8-ae47-62fee1e8bba1]"
  type: "Bill Payment"
  sourceId: "675fedc8-acc4-4946-9d9a-f354c3643cfa"
  referenceNo: "1210"
  orderId: "e63e0c9f-589a-44a8-b69d-9ae361d5a87b"
  Assets:CurrentAssets:Bank:KpayBank -3381.53 HKD
  type: "Bill Payment"
  sourceId: "675fedc8-acc4-4946-9d9a-f354c3643cfa"
  referenceNo: "1210"
  orderId: "e63e0c9f-589a-44a8-b69d-9ae361d5a87b"
2024-10-31 * "852 666666 (icmarket) [666112b8-2856-4ed8-8370-eb4b911be7b5]" "Bill Payment for Bill #1187 #750032af-f164-4d2b-a1f1-cf833fb06ffe 1c42b0cc-07d3-4240-b4d7-d925160b6bb9"
  Liabilities:CurrentLiabilities:AccountPayable 134494.74 USDT
  contact: "852 666666 (icmarket) [666112b8-2856-4ed8-8370-eb4b911be7b5]"
  type: "Bill Payment"
  sourceId: "750032af-f164-4d2b-a1f1-cf833fb06ffe"
  referenceNo: "1187"
  orderId: "1c42b0cc-07d3-4240-b4d7-d925160b6bb9"
  Assets:CurrentAssets:E-tradingPlatform:Mt511193568金 -134494.74 USDT
  type: "Bill Payment"
  sourceId: "750032af-f164-4d2b-a1f1-cf833fb06ffe"
  referenceNo: "1187"
  orderId: "1c42b0cc-07d3-4240-b4d7-d925160b6bb9"
2024-10-31 * "852 666666 (icmarket) [666112b8-2856-4ed8-8370-eb4b911be7b5]" "Bill Payment for Bill #1192 #8094267b-10eb-4ac4-bf80-23da32bbc506 34724220-e6ec-4188-8209-98bf95ed70fe"
  Liabilities:CurrentLiabilities:AccountPayable 733.93 USDT
  contact: "852 666666 (icmarket) [666112b8-2856-4ed8-8370-eb4b911be7b5]"
  type: "Bill Payment"
  sourceId: "8094267b-10eb-4ac4-bf80-23da32bbc506"
  referenceNo: "1192"
  orderId: "34724220-e6ec-4188-8209-98bf95ed70fe"
  Assets:CurrentAssets:E-tradingPlatform:Mt57170667Invest -733.93 USDT
  type: "Bill Payment"
  sourceId: "8094267b-10eb-4ac4-bf80-23da32bbc506"
  referenceNo: "1192"
  orderId: "34724220-e6ec-4188-8209-98bf95ed70fe"