; ORDER transactions for 2024-05

2024-05-02 * "Bill #986 G17 釐印費 - Anna Fur Co Ltd"
  referenceNo: "986"
  orderId: "8aaa40fd-103f-43c1-8979-daaf98528695"
  type: "Bill"
  Expenses:GeneralExpense:LegalAndProfessionalFee 722.5 HKD
  qty: "1"
  description: "G17  釐印費"
  referenceNo: "986"
  orderId: "8aaa40fd-103f-43c1-8979-daaf98528695"
  type: "Bill Item"
  sourceId: "ccaee7a9-421f-43bf-8e49-e9215859c681"
  Liabilities:CurrentLiabilities:AccountPayable
  referenceNo: "986"
  orderId: "8aaa40fd-103f-43c1-8979-daaf98528695"
  type: "Bill"
  sourceId: "8aaa40fd-103f-43c1-8979-daaf98528695"
  contact: "880 806 () [53b8789a-4451-4a1f-84f7-a9c5da7ada1a]"
2024-05-02 * "Bill #1033 G17電子用品"
  referenceNo: "1033"
  orderId: "683f5a48-e46d-4089-bfc3-984d81f17ea7"
  type: "Bill"
  Expenses:GeneralExpense:OfficeExpenses 88 HKD
  qty: "1"
  description: "G17電子用品"
  referenceNo: "1033"
  orderId: "683f5a48-e46d-4089-bfc3-984d81f17ea7"
  type: "Bill Item"
  sourceId: "5101ed58-c445-4f04-8309-f01967b7c455"
  Liabilities:CurrentLiabilities:AccountPayable
  referenceNo: "1033"
  orderId: "683f5a48-e46d-4089-bfc3-984d81f17ea7"
  type: "Bill"
  sourceId: "683f5a48-e46d-4089-bfc3-984d81f17ea7"
  contact: "880 806 () [53b8789a-4451-4a1f-84f7-a9c5da7ada1a]"
2024-05-02 * "Bill #1032 DKK 報關費用"
  referenceNo: "1032"
  orderId: "7dfe4034-d2c0-4d96-a5d2-0ff0c58b26b8"
  type: "Bill"
  Expenses:GeneralExpense:TransportationAndCourier 74 HKD
  qty: "1"
  description: "DKK 報關費用"
  referenceNo: "1032"
  orderId: "7dfe4034-d2c0-4d96-a5d2-0ff0c58b26b8"
  type: "Bill Item"
  sourceId: "5be2e851-ac51-495f-a5df-29961d222fd5"
  Liabilities:CurrentLiabilities:AccountPayable
  referenceNo: "1032"
  orderId: "7dfe4034-d2c0-4d96-a5d2-0ff0c58b26b8"
  type: "Bill"
  sourceId: "7dfe4034-d2c0-4d96-a5d2-0ff0c58b26b8"
  contact: "880 806 () [53b8789a-4451-4a1f-84f7-a9c5da7ada1a]"
2024-05-02 * "880 806 () [53b8789a-4451-4a1f-84f7-a9c5da7ada1a]" "Bill Payment for Bill #986 #23eb3b9a-64a4-46fb-a22f-b978576843d0"
  contact: "880 806 () [53b8789a-4451-4a1f-84f7-a9c5da7ada1a]"
  Liabilities:CurrentLiabilities:AccountPayable 722.5 HKD
  type: "Bill Payment"
  sourceId: "23eb3b9a-64a4-46fb-a22f-b978576843d0"
  referenceNo: "986"
  orderId: "8aaa40fd-103f-43c1-8979-daaf98528695"
  Assets:CurrentAssets:Bank:BocCurrentBank -722.5 HKD
  type: "Bill Payment"
  sourceId: "23eb3b9a-64a4-46fb-a22f-b978576843d0"
  referenceNo: "986"
  orderId: "8aaa40fd-103f-43c1-8979-daaf98528695"
2024-05-03 * "Bill #1473 (29/04-03/05)1week 694kg*8= 5552usdt"
  referenceNo: "1473"
  orderId: "eec39321-56eb-4654-afd7-02d21993f1b9"
  type: "Bill"
  Expenses:GeneralExpense:MetalTransportationFee 5552 USDT
  qty: "694"
  description: ""
  referenceNo: "1473"
  orderId: "eec39321-56eb-4654-afd7-02d21993f1b9"
  type: "Bill Item"
  sourceId: "63445a1a-5dc9-42c1-9889-3b18765cfcf7"
  Liabilities:CurrentLiabilities:AccountPayable
  referenceNo: "1473"
  orderId: "eec39321-56eb-4654-afd7-02d21993f1b9"
  type: "Bill"
  sourceId: "eec39321-56eb-4654-afd7-02d21993f1b9"
  contact: "82 10063988492 (ItsGold (JEON KI JEONG)) [2d630467-4741-4a05-854d-e05b52b867d2]"
2024-05-03 * "82 10063988492 (ItsGold (JEON KI JEONG)) [2d630467-4741-4a05-854d-e05b52b867d2]" "Bill Payment for Bill #1473 #b47b3bcd-db64-44c0-bb04-2e01f90615a3"
  contact: "82 10063988492 (ItsGold (JEON KI JEONG)) [2d630467-4741-4a05-854d-e05b52b867d2]"
  Liabilities:CurrentLiabilities:AccountPayable 5552 USDT
  type: "Bill Payment"
  sourceId: "b47b3bcd-db64-44c0-bb04-2e01f90615a3"
  referenceNo: "1473"
  orderId: "eec39321-56eb-4654-afd7-02d21993f1b9"
  Assets:CurrentAssets:Wallet:DkkCWallet金料 -5552 USDT
  type: "Bill Payment"
  sourceId: "b47b3bcd-db64-44c0-bb04-2e01f90615a3"
  referenceNo: "1473"
  orderId: "eec39321-56eb-4654-afd7-02d21993f1b9"
2024-05-04 * "Invoice #402 MR. YUMNA Y"
  Income:Sales:SalesItem:Sell18kJewelry -3650 HKD
  category: "Jewelry"
  sku: "DDFFFFFF0400000000000007"
  qty: 1
  referenceNo: "402"
  orderId: "bec8407e-c410-48f5-88fc-3f3a7fc2c42f"
  type: "Invoice Item"
  sourceId: "eb373100-f71f-4a03-a8a3-c7a192473257"
  Assets:CurrentAssets:AccountReceivable
  referenceNo: "402"
  orderId: "bec8407e-c410-48f5-88fc-3f3a7fc2c42f"
  type: "Invoice"
  sourceId: "bec8407e-c410-48f5-88fc-3f3a7fc2c42f"
  contact: "880 802 (Walk in) [42348712-7daa-4c29-93b7-756b472429a4]"
2024-05-04 * "Assets:CurrentAssets:Cash:CashInHand" "Invoice Payment for Invoice #402 #e7a1bf54-9350-4dae-8899-1faaac8ebf83"
  Assets:CurrentAssets:Cash:CashInHand 3650 HKD
  type: "Invoice Payment"
  sourceId: "e7a1bf54-9350-4dae-8899-1faaac8ebf83"
  referenceNo: "402"
  orderId: "bec8407e-c410-48f5-88fc-3f3a7fc2c42f"
  Assets:CurrentAssets:AccountReceivable -3650 HKD
  type: "Invoice Payment"
  sourceId: "e7a1bf54-9350-4dae-8899-1faaac8ebf83"
  referenceNo: "402"
  orderId: "bec8407e-c410-48f5-88fc-3f3a7fc2c42f"
  contact: "880 802 (Walk in) [42348712-7daa-4c29-93b7-756b472429a4]"
2024-05-05 * "Invoice #403 MR RETMAN"
  Income:Sales:SalesItem:SellGoldJewelry -1800 HKD
  category: "Gold Jewelry"
  sku: "DD2310200000000000000120"
  qty: 1
  referenceNo: "403"
  orderId: "df2543b1-a966-45a4-bcca-453487d41595"
  type: "Invoice Item"
  sourceId: "bae8d734-788c-474b-b3fc-52b7c0596a88"
  Assets:CurrentAssets:AccountReceivable
  referenceNo: "403"
  orderId: "df2543b1-a966-45a4-bcca-453487d41595"
  type: "Invoice"
  sourceId: "df2543b1-a966-45a4-bcca-453487d41595"
  contact: "880 802 (Walk in) [42348712-7daa-4c29-93b7-756b472429a4]"
2024-05-05 * "Assets:CurrentAssets:Cash:CashInHand" "Invoice Payment for Invoice #403 #4c5dacf1-aa34-4af0-8818-a620bf9ec32d"
  Assets:CurrentAssets:Cash:CashInHand 1800 HKD
  type: "Invoice Payment"
  sourceId: "4c5dacf1-aa34-4af0-8818-a620bf9ec32d"
  referenceNo: "403"
  orderId: "df2543b1-a966-45a4-bcca-453487d41595"
  Assets:CurrentAssets:AccountReceivable -1800 HKD
  type: "Invoice Payment"
  sourceId: "4c5dacf1-aa34-4af0-8818-a620bf9ec32d"
  referenceNo: "403"
  orderId: "df2543b1-a966-45a4-bcca-453487d41595"
  contact: "880 802 (Walk in) [42348712-7daa-4c29-93b7-756b472429a4]"
2024-05-06 * "Invoice #405 AA40008"
  Income:Sales:SalesItem:Sell18kJewelry -4800 HKD
  category: "Jewelry"
  sku: "DD2404260000000000000038"
  qty: 1
  referenceNo: "405"
  orderId: "6ab0e6f9-0d61-46b1-be02-44e967e11b5d"
  type: "Invoice Item"
  sourceId: "1a5d456c-8b67-4f55-891e-d78499091b8b"
  Income:Sales:SalesItem:Sell18kJewelry -5200 HKD
  category: "Jewelry"
  sku: "DD2404260000000000000037"
  qty: 1
  referenceNo: "405"
  orderId: "6ab0e6f9-0d61-46b1-be02-44e967e11b5d"
  type: "Invoice Item"
  sourceId: "21263292-3557-453e-9e56-2ac0e9cdd9c7"
  Assets:CurrentAssets:AccountReceivable
  referenceNo: "405"
  orderId: "6ab0e6f9-0d61-46b1-be02-44e967e11b5d"
  type: "Invoice"
  sourceId: "6ab0e6f9-0d61-46b1-be02-44e967e11b5d"
  contact: "852 91497288 (MR. CHO STEPHEN) [3a1d130e-2c48-4a04-8926-6974b094da58]"
2024-05-06 * "Invoice #404 TOUR - AA39247"
  Income:Sales:SalesItem:SellGoldJewelry -4709 HKD
  category: "Gold Jewelry"
  sku: "DDFF23051205000000000012"
  qty: 1
  referenceNo: "404"
  orderId: "8753e8bb-a009-41dc-a7f0-032bb75027a7"
  type: "Invoice Item"
  sourceId: "982c75d0-d754-4ddc-9570-937b9e9e2c3e"
  Income:Sales:SalesItem:SellGoldJewelry -5291 HKD
  category: "Gold Jewelry"
  sku: "DDFF23051707000000000005"
  qty: 1
  referenceNo: "404"
  orderId: "8753e8bb-a009-41dc-a7f0-032bb75027a7"
  type: "Invoice Item"
  sourceId: "424225ba-e8d8-4dec-923d-c1d60dc5c71a"
  Assets:CurrentAssets:AccountReceivable
  referenceNo: "404"
  orderId: "8753e8bb-a009-41dc-a7f0-032bb75027a7"
  type: "Invoice"
  sourceId: "8753e8bb-a009-41dc-a7f0-032bb75027a7"
  contact: "880 802 (Walk in) [42348712-7daa-4c29-93b7-756b472429a4]"
2024-05-06 * "Assets:CurrentAssets:Cash:CashInHand" "Invoice Payment for Invoice #404 #220bf884-5bbd-40bb-b667-3ce6433d32be"
  Assets:CurrentAssets:Cash:CashInHand 10000 HKD
  type: "Invoice Payment"
  sourceId: "220bf884-5bbd-40bb-b667-3ce6433d32be"
  referenceNo: "404"
  orderId: "8753e8bb-a009-41dc-a7f0-032bb75027a7"
  Assets:CurrentAssets:AccountReceivable -10000 HKD
  type: "Invoice Payment"
  sourceId: "220bf884-5bbd-40bb-b667-3ce6433d32be"
  referenceNo: "404"
  orderId: "8753e8bb-a009-41dc-a7f0-032bb75027a7"
  contact: "880 802 (Walk in) [42348712-7daa-4c29-93b7-756b472429a4]"
2024-05-06 * "Assets:CurrentAssets:Bank:BocSavingBank" "Invoice Payment for Invoice #405 #c1107b61-985b-4c9e-9adf-751c3bf093b8"
  Assets:CurrentAssets:Bank:BocSavingBank 10000 HKD
  type: "Invoice Payment"
  sourceId: "c1107b61-985b-4c9e-9adf-751c3bf093b8"
  referenceNo: "405"
  orderId: "6ab0e6f9-0d61-46b1-be02-44e967e11b5d"
  Assets:CurrentAssets:AccountReceivable -10000 HKD
  type: "Invoice Payment"
  sourceId: "c1107b61-985b-4c9e-9adf-751c3bf093b8"
  referenceNo: "405"
  orderId: "6ab0e6f9-0d61-46b1-be02-44e967e11b5d"
  contact: "852 91497288 (MR. CHO STEPHEN) [3a1d130e-2c48-4a04-8926-6974b094da58]"
2024-05-09 * "Invoice #406 STAFF SALES - KELVIN 成 (MR. WONG CHUN SHING)"
  Income:Sales:SalesItem:SellGoldJewelry -2000 HKD
  category: "Gold Jewelry"
  sku: "DDFF23051205000000000022"
  qty: 1
  referenceNo: "406"
  orderId: "fdb7f142-9898-4376-8cb3-119f3b9bfd40"
  type: "Invoice Item"
  sourceId: "e56068d7-4a4d-4a7a-b625-4c5ffd8a4847"
  Assets:CurrentAssets:AccountReceivable
  referenceNo: "406"
  orderId: "fdb7f142-9898-4376-8cb3-119f3b9bfd40"
  type: "Invoice"
  sourceId: "fdb7f142-9898-4376-8cb3-119f3b9bfd40"
  contact: "880 802 (Walk in) [42348712-7daa-4c29-93b7-756b472429a4]"
2024-05-09 * "Invoice #825 改介子Size Ref inv#603 bill#965 "
  Income:Sales:SalesItem:Sell-ForProcess交外廠加工 -0 HKD
  category: "Other"
  sku: "Processing 050"
  qty: 1
  referenceNo: "825"
  orderId: "1b0f3d9d-249a-4ad3-ae85-b29891dbf8d6"
  type: "Invoice Item"
  sourceId: "174a15c7-2cf2-4270-8f5a-1889034dd055"
  Assets:CurrentAssets:AccountReceivable
  referenceNo: "825"
  orderId: "1b0f3d9d-249a-4ad3-ae85-b29891dbf8d6"
  type: "Invoice"
  sourceId: "1b0f3d9d-249a-4ad3-ae85-b29891dbf8d6"
  contact: "880 802 (Walk in) [42348712-7daa-4c29-93b7-756b472429a4]"
2024-05-09 * "Bill #965 INV603 改介子Size 工費 (No. 11008)"
  referenceNo: "965"
  orderId: "b1155696-58ed-4297-aa2f-6d59d1e8666f"
  type: "Bill"
  Expenses:CostOfSales:Purchase:PurchaseItem:BuyCost-ProcessingFee 200 HKD
  category: "Other"
  sku: "Processing 050"
  qty: 1
  referenceNo: "965"
  orderId: "b1155696-58ed-4297-aa2f-6d59d1e8666f"
  type: "Bill Item"
  sourceId: "aaab55f2-0c95-430d-bbb7-0d6bec40aec4"
  Liabilities:CurrentLiabilities:AccountPayable
  referenceNo: "965"
  orderId: "b1155696-58ed-4297-aa2f-6d59d1e8666f"
  type: "Bill"
  sourceId: "b1155696-58ed-4297-aa2f-6d59d1e8666f"
  contact: "852 96221974 (強哥 首飾加工師傅) [cef6a8eb-0892-4a7c-bfdc-328752af4fd5]"
2024-05-09 * "Assets:CurrentAssets:Bank:BocSavingBank" "Invoice Payment for Invoice #407 #bf10015c-d795-42e4-b953-66bdebb4209e"
  Assets:CurrentAssets:Bank:BocSavingBank 7500 HKD
  type: "Invoice Payment"
  sourceId: "bf10015c-d795-42e4-b953-66bdebb4209e"
  referenceNo: "407"
  orderId: "6ca5572d-1e00-4aee-913b-56de9354b2a1"
  Assets:CurrentAssets:AccountReceivable -7500 HKD
  type: "Invoice Payment"
  sourceId: "bf10015c-d795-42e4-b953-66bdebb4209e"
  referenceNo: "407"
  orderId: "6ca5572d-1e00-4aee-913b-56de9354b2a1"
  contact: "880 802 (Walk in) [42348712-7daa-4c29-93b7-756b472429a4]"
2024-05-09 * "Assets:CurrentAssets:Bank:BocSavingBank" "Invoice Payment for Invoice #406 #d59925b5-a874-4b71-a4f6-f0c394e50165"
  Assets:CurrentAssets:Bank:BocSavingBank 2000 HKD
  type: "Invoice Payment"
  sourceId: "d59925b5-a874-4b71-a4f6-f0c394e50165"
  referenceNo: "406"
  orderId: "fdb7f142-9898-4376-8cb3-119f3b9bfd40"
  Assets:CurrentAssets:AccountReceivable -2000 HKD
  type: "Invoice Payment"
  sourceId: "d59925b5-a874-4b71-a4f6-f0c394e50165"
  referenceNo: "406"
  orderId: "fdb7f142-9898-4376-8cb3-119f3b9bfd40"
  contact: "880 802 (Walk in) [42348712-7daa-4c29-93b7-756b472429a4]"
2024-05-10 * "Bill #1474 (07/05-10/05)1week 744kg*8= 5952usdt"
  referenceNo: "1474"
  orderId: "8d4bd7a3-d5d7-4f35-b4a0-638dfdffc2c3"
  type: "Bill"
  Expenses:GeneralExpense:MetalTransportationFee 5952 USDT
  qty: "744"
  description: ""
  referenceNo: "1474"
  orderId: "8d4bd7a3-d5d7-4f35-b4a0-638dfdffc2c3"
  type: "Bill Item"
  sourceId: "d13c0c92-067b-4cfd-8dfb-3d91ea221fdf"
  Liabilities:CurrentLiabilities:AccountPayable
  referenceNo: "1474"
  orderId: "8d4bd7a3-d5d7-4f35-b4a0-638dfdffc2c3"
  type: "Bill"
  sourceId: "8d4bd7a3-d5d7-4f35-b4a0-638dfdffc2c3"
  contact: "82 10063988492 (ItsGold (JEON KI JEONG)) [2d630467-4741-4a05-854d-e05b52b867d2]"
2024-05-10 * "82 10063988492 (ItsGold (JEON KI JEONG)) [2d630467-4741-4a05-854d-e05b52b867d2]" "Bill Payment for Bill #1474 #a93f0d41-a24c-4771-b9bf-2690ee0c015a"
  contact: "82 10063988492 (ItsGold (JEON KI JEONG)) [2d630467-4741-4a05-854d-e05b52b867d2]"
  Liabilities:CurrentLiabilities:AccountPayable 5952 USDT
  type: "Bill Payment"
  sourceId: "a93f0d41-a24c-4771-b9bf-2690ee0c015a"
  referenceNo: "1474"
  orderId: "8d4bd7a3-d5d7-4f35-b4a0-638dfdffc2c3"
  Assets:CurrentAssets:Wallet:DkkCWallet金料 -5952 USDT
  type: "Bill Payment"
  sourceId: "a93f0d41-a24c-4771-b9bf-2690ee0c015a"
  referenceNo: "1474"
  orderId: "8d4bd7a3-d5d7-4f35-b4a0-638dfdffc2c3"
2024-05-13 * "Bill #978 EPS 24年4月手續費"
  referenceNo: "978"
  orderId: "0849b0a5-1fe6-4131-acdc-4a259830ba83"
  type: "Bill"
  Expenses:GeneralExpense:CardFeeExpense 410 HKD
  qty: "1"
  description: "EPS 24年4月手續費"
  referenceNo: "978"
  orderId: "0849b0a5-1fe6-4131-acdc-4a259830ba83"
  type: "Bill Item"
  sourceId: "d0150e9b-f3d3-494b-8bdc-5b1dd338b71a"
  Liabilities:CurrentLiabilities:AccountPayable
  referenceNo: "978"
  orderId: "0849b0a5-1fe6-4131-acdc-4a259830ba83"
  type: "Bill"
  sourceId: "0849b0a5-1fe6-4131-acdc-4a259830ba83"
  contact: "880 806 () [53b8789a-4451-4a1f-84f7-a9c5da7ada1a]"
2024-05-13 * "Bill #1034 DKK 雜費"
  referenceNo: "1034"
  orderId: "7847181d-2938-46ec-abfb-00c09c91e475"
  type: "Bill"
  Expenses:GeneralExpense:GeneralExpensesDirect 20 HKD
  qty: "1"
  description: "DKK 雜費"
  referenceNo: "1034"
  orderId: "7847181d-2938-46ec-abfb-00c09c91e475"
  type: "Bill Item"
  sourceId: "6c876d60-2a90-4777-9728-063a46b06c61"
  Liabilities:CurrentLiabilities:AccountPayable
  referenceNo: "1034"
  orderId: "7847181d-2938-46ec-abfb-00c09c91e475"
  type: "Bill"
  sourceId: "7847181d-2938-46ec-abfb-00c09c91e475"
  contact: "880 806 () [53b8789a-4451-4a1f-84f7-a9c5da7ada1a]"
2024-05-13 * "880 806 () [53b8789a-4451-4a1f-84f7-a9c5da7ada1a]" "Bill Payment for Bill #1034 #c9795eb8-f070-431d-8831-6402ee219f17"
  contact: "880 806 () [53b8789a-4451-4a1f-84f7-a9c5da7ada1a]"
  Liabilities:CurrentLiabilities:AccountPayable 20 HKD
  type: "Bill Payment"
  sourceId: "c9795eb8-f070-431d-8831-6402ee219f17"
  referenceNo: "1034"
  orderId: "7847181d-2938-46ec-abfb-00c09c91e475"
  Liabilities:CurrentLiabilities:CurrentAccount:C-a-MilrichElectronicsHkCoLtd -20 HKD
  type: "Bill Payment"
  sourceId: "c9795eb8-f070-431d-8831-6402ee219f17"
  referenceNo: "1034"
  orderId: "7847181d-2938-46ec-abfb-00c09c91e475"
2024-05-13 * "880 806 () [53b8789a-4451-4a1f-84f7-a9c5da7ada1a]" "Bill Payment for Bill #978 #54ff3a18-ca37-4071-b1cc-f7743e8c96e8"
  contact: "880 806 () [53b8789a-4451-4a1f-84f7-a9c5da7ada1a]"
  Liabilities:CurrentLiabilities:AccountPayable 410 HKD
  type: "Bill Payment"
  sourceId: "54ff3a18-ca37-4071-b1cc-f7743e8c96e8"
  referenceNo: "978"
  orderId: "0849b0a5-1fe6-4131-acdc-4a259830ba83"
  Assets:CurrentAssets:Bank:BocSavingBank -410 HKD
  type: "Bill Payment"
  sourceId: "54ff3a18-ca37-4071-b1cc-f7743e8c96e8"
  referenceNo: "978"
  orderId: "0849b0a5-1fe6-4131-acdc-4a259830ba83"
2024-05-15 * "Invoice #408 MS CHIU - 代客鑲石 -- AA40009"
  Income:Sales:SalesItem:SellBespokeorotherFee -13800 HKD
  category: "Jewelry"
  sku: "DDBESPOKE00000044"
  qty: 1
  referenceNo: "408"
  orderId: "7f712f7f-5e64-470d-bf96-3923faa46255"
  type: "Invoice Item"
  sourceId: "3616c670-5d40-4f80-b438-1fe6909ab5e3"
  Assets:CurrentAssets:AccountReceivable
  referenceNo: "408"
  orderId: "7f712f7f-5e64-470d-bf96-3923faa46255"
  type: "Invoice"
  sourceId: "7f712f7f-5e64-470d-bf96-3923faa46255"
  contact: "852 61314151 (SHEMY MISS CHIU) [adb4459a-927b-4b41-84bc-b7968edb20e8]"
2024-05-15 * "Assets:CurrentAssets:Bank:KpayBank" "Invoice Payment for Invoice #408 #c85e9e86-5799-4d20-ba70-25a7cf90638f"
  Assets:CurrentAssets:Bank:KpayBank 5000 HKD
  type: "Invoice Payment"
  sourceId: "c85e9e86-5799-4d20-ba70-25a7cf90638f"
  referenceNo: "408"
  orderId: "7f712f7f-5e64-470d-bf96-3923faa46255"
  Assets:CurrentAssets:AccountReceivable -5000 HKD
  type: "Invoice Payment"
  sourceId: "c85e9e86-5799-4d20-ba70-25a7cf90638f"
  referenceNo: "408"
  orderId: "7f712f7f-5e64-470d-bf96-3923faa46255"
  contact: "852 61314151 (SHEMY MISS CHIU) [adb4459a-927b-4b41-84bc-b7968edb20e8]"
2024-05-17 * "Bill #1035 G17電費(2024-5月)"
  referenceNo: "1035"
  orderId: "0d625ce6-00ef-4429-8152-151c4da916e7"
  type: "Bill"
  Expenses:GeneralExpense:ElectricityLightHeating 1769 HKD
  qty: "1"
  description: "G17電費(2024-5月)"
  referenceNo: "1035"
  orderId: "0d625ce6-00ef-4429-8152-151c4da916e7"
  type: "Bill Item"
  sourceId: "9dc3a0ae-4cd5-419f-b3eb-6ef3a0fe6e06"
  Liabilities:CurrentLiabilities:AccountPayable
  referenceNo: "1035"
  orderId: "0d625ce6-00ef-4429-8152-151c4da916e7"
  type: "Bill"
  sourceId: "0d625ce6-00ef-4429-8152-151c4da916e7"
  contact: "880 806 () [53b8789a-4451-4a1f-84f7-a9c5da7ada1a]"
2024-05-17 * "Bill #971 kpay131"
  referenceNo: "971"
  orderId: "471160d6-e2ae-4e4d-a16d-273fb84f8a4f"
  type: "Bill"
  Expenses:GeneralExpense:CardFeeExpense 76 HKD
  qty: "1"
  description: "5000 - 4924 = 76"
  referenceNo: "971"
  orderId: "471160d6-e2ae-4e4d-a16d-273fb84f8a4f"
  type: "Bill Item"
  sourceId: "ba440dbf-56e8-477f-a26c-1d6b67080c5f"
  Liabilities:CurrentLiabilities:AccountPayable
  referenceNo: "971"
  orderId: "471160d6-e2ae-4e4d-a16d-273fb84f8a4f"
  type: "Bill"
  sourceId: "471160d6-e2ae-4e4d-a16d-273fb84f8a4f"
  contact: "998 12345821 (KPAY) [5a706f32-7edc-48d8-ae47-62fee1e8bba1]"
2024-05-17 * "Bill #1475 (13/05-17/05)1week 800kg*8= 6400usdt"
  referenceNo: "1475"
  orderId: "a376df93-8bc4-4dbf-bfdb-a5d18a5b1919"
  type: "Bill"
  Expenses:GeneralExpense:MetalTransportationFee 6400 USDT
  qty: "800"
  description: ""
  referenceNo: "1475"
  orderId: "a376df93-8bc4-4dbf-bfdb-a5d18a5b1919"
  type: "Bill Item"
  sourceId: "4f5011da-29c9-4e68-9b17-9cabdc8466a2"
  Liabilities:CurrentLiabilities:AccountPayable
  referenceNo: "1475"
  orderId: "a376df93-8bc4-4dbf-bfdb-a5d18a5b1919"
  type: "Bill"
  sourceId: "a376df93-8bc4-4dbf-bfdb-a5d18a5b1919"
  contact: "82 10063988492 (ItsGold (JEON KI JEONG)) [2d630467-4741-4a05-854d-e05b52b867d2]"
2024-05-17 * "82 10063988492 (ItsGold (JEON KI JEONG)) [2d630467-4741-4a05-854d-e05b52b867d2]" "Bill Payment for Bill #1475 #9f9861e1-fc2f-4995-83cb-de91ac3aa47b"
  contact: "82 10063988492 (ItsGold (JEON KI JEONG)) [2d630467-4741-4a05-854d-e05b52b867d2]"
  Liabilities:CurrentLiabilities:AccountPayable 6400 USDT
  type: "Bill Payment"
  sourceId: "9f9861e1-fc2f-4995-83cb-de91ac3aa47b"
  referenceNo: "1475"
  orderId: "a376df93-8bc4-4dbf-bfdb-a5d18a5b1919"
  Assets:CurrentAssets:Wallet:DkkCWallet金料 -6400 USDT
  type: "Bill Payment"
  sourceId: "9f9861e1-fc2f-4995-83cb-de91ac3aa47b"
  referenceNo: "1475"
  orderId: "a376df93-8bc4-4dbf-bfdb-a5d18a5b1919"
2024-05-17 * "880 806 () [53b8789a-4451-4a1f-84f7-a9c5da7ada1a]" "Bill Payment for Bill #1035 #9d0706d3-a532-4df5-9bd2-70ac497f9bcb"
  contact: "880 806 () [53b8789a-4451-4a1f-84f7-a9c5da7ada1a]"
  Liabilities:CurrentLiabilities:AccountPayable 1769 HKD
  type: "Bill Payment"
  sourceId: "9d0706d3-a532-4df5-9bd2-70ac497f9bcb"
  referenceNo: "1035"
  orderId: "0d625ce6-00ef-4429-8152-151c4da916e7"
  Liabilities:CurrentLiabilities:CurrentAccount:C-a-MilrichElectronicsHkCoLtd -1769 HKD
  type: "Bill Payment"
  sourceId: "9d0706d3-a532-4df5-9bd2-70ac497f9bcb"
  referenceNo: "1035"
  orderId: "0d625ce6-00ef-4429-8152-151c4da916e7"
2024-05-17 * "998 12345821 (KPAY) [5a706f32-7edc-48d8-ae47-62fee1e8bba1]" "Bill Payment for Bill #971 #bd3b5ad7-9c32-41e8-9238-7f5112be0b38"
  contact: "998 12345821 (KPAY) [5a706f32-7edc-48d8-ae47-62fee1e8bba1]"
  Liabilities:CurrentLiabilities:AccountPayable 76 HKD
  type: "Bill Payment"
  sourceId: "bd3b5ad7-9c32-41e8-9238-7f5112be0b38"
  referenceNo: "971"
  orderId: "471160d6-e2ae-4e4d-a16d-273fb84f8a4f"
  Assets:CurrentAssets:Bank:KpayBank -76 HKD
  type: "Bill Payment"
  sourceId: "bd3b5ad7-9c32-41e8-9238-7f5112be0b38"
  referenceNo: "971"
  orderId: "471160d6-e2ae-4e4d-a16d-273fb84f8a4f"
2024-05-21 * "Bill #987 G17 06月2024 租金"
  referenceNo: "987"
  orderId: "9e1c23f5-8425-4154-8e66-4914d7e709d5"
  type: "Bill"
  Expenses:GeneralExpense:Rent 48000 HKD
  qty: "1"
  description: "G17 06月2024 租金"
  referenceNo: "987"
  orderId: "9e1c23f5-8425-4154-8e66-4914d7e709d5"
  type: "Bill Item"
  sourceId: "95d607c9-c0a3-472e-b6d5-83acd32a4aa0"
  Liabilities:CurrentLiabilities:AccountPayable
  referenceNo: "987"
  orderId: "9e1c23f5-8425-4154-8e66-4914d7e709d5"
  type: "Bill"
  sourceId: "9e1c23f5-8425-4154-8e66-4914d7e709d5"
  contact: "880 806 () [53b8789a-4451-4a1f-84f7-a9c5da7ada1a]"
2024-05-21 * "Bill #1476 (20/05-21/05)1week 372kg*8= 2976usdt"
  referenceNo: "1476"
  orderId: "552dab35-fc1d-4698-b521-c9f36abd5b86"
  type: "Bill"
  Expenses:GeneralExpense:MetalTransportationFee 2976 USDT
  qty: "372"
  description: ""
  referenceNo: "1476"
  orderId: "552dab35-fc1d-4698-b521-c9f36abd5b86"
  type: "Bill Item"
  sourceId: "00f336f1-d484-46dc-bcf5-18448405b286"
  Liabilities:CurrentLiabilities:AccountPayable
  referenceNo: "1476"
  orderId: "552dab35-fc1d-4698-b521-c9f36abd5b86"
  type: "Bill"
  sourceId: "552dab35-fc1d-4698-b521-c9f36abd5b86"
  contact: "82 10063988492 (ItsGold (JEON KI JEONG)) [2d630467-4741-4a05-854d-e05b52b867d2]"
2024-05-21 * "82 10063988492 (ItsGold (JEON KI JEONG)) [2d630467-4741-4a05-854d-e05b52b867d2]" "Bill Payment for Bill #1476 #fe60b768-0ef5-4996-ba8f-17dc16dd1f5c"
  contact: "82 10063988492 (ItsGold (JEON KI JEONG)) [2d630467-4741-4a05-854d-e05b52b867d2]"
  Liabilities:CurrentLiabilities:AccountPayable 2976 USDT
  type: "Bill Payment"
  sourceId: "fe60b768-0ef5-4996-ba8f-17dc16dd1f5c"
  referenceNo: "1476"
  orderId: "552dab35-fc1d-4698-b521-c9f36abd5b86"
  Assets:CurrentAssets:Wallet:DkkCWallet金料 -2976 USDT
  type: "Bill Payment"
  sourceId: "fe60b768-0ef5-4996-ba8f-17dc16dd1f5c"
  referenceNo: "1476"
  orderId: "552dab35-fc1d-4698-b521-c9f36abd5b86"
2024-05-21 * "880 806 () [53b8789a-4451-4a1f-84f7-a9c5da7ada1a]" "Bill Payment for Bill #987 #8629c21d-9e94-499c-8b66-29c13692be11"
  contact: "880 806 () [53b8789a-4451-4a1f-84f7-a9c5da7ada1a]"
  Liabilities:CurrentLiabilities:AccountPayable 48000 HKD
  type: "Bill Payment"
  sourceId: "8629c21d-9e94-499c-8b66-29c13692be11"
  referenceNo: "987"
  orderId: "9e1c23f5-8425-4154-8e66-4914d7e709d5"
  Assets:CurrentAssets:Bank:BocCurrentBank -48000 HKD
  type: "Bill Payment"
  sourceId: "8629c21d-9e94-499c-8b66-29c13692be11"
  referenceNo: "987"
  orderId: "9e1c23f5-8425-4154-8e66-4914d7e709d5"
2024-05-21 * "852 96221974 (強哥 首飾加工師傅) [cef6a8eb-0892-4a7c-bfdc-328752af4fd5]" "Bill Payment for Bill #965 #682dd6fe-c5bd-484a-8183-cdad6f4e8b5a"
  contact: "852 96221974 (強哥 首飾加工師傅) [cef6a8eb-0892-4a7c-bfdc-328752af4fd5]"
  Liabilities:CurrentLiabilities:AccountPayable 200 HKD
  type: "Bill Payment"
  sourceId: "682dd6fe-c5bd-484a-8183-cdad6f4e8b5a"
  referenceNo: "965"
  orderId: "b1155696-58ed-4297-aa2f-6d59d1e8666f"
  Assets:CurrentAssets:Cash:CashInHand -200 HKD
  type: "Bill Payment"
  sourceId: "682dd6fe-c5bd-484a-8183-cdad6f4e8b5a"
  referenceNo: "965"
  orderId: "b1155696-58ed-4297-aa2f-6d59d1e8666f"
2024-05-22 * "Invoice #407 STAFF SALES - 興哥 (MISS NG PENANG)"
  Income:Sales:SalesItem:Sell18kJewelry -2000 HKD
  category: "Jewelry"
  sku: "DD2023112400000003"
  qty: 1
  referenceNo: "407"
  orderId: "6ca5572d-1e00-4aee-913b-56de9354b2a1"
  type: "Invoice Item"
  sourceId: "53fa7729-e5fe-44e7-b39d-8c06b1d2907c"
  Income:Sales:SalesItem:Sell18kJewelry -5500 HKD
  category: "Jewelry"
  sku: "DDFFFFFF0500000000000039"
  qty: 1
  referenceNo: "407"
  orderId: "6ca5572d-1e00-4aee-913b-56de9354b2a1"
  type: "Invoice Item"
  sourceId: "dd66948b-4ddc-4cd0-8fc7-e2fd3ea8f42a"
  Assets:CurrentAssets:AccountReceivable
  referenceNo: "407"
  orderId: "6ca5572d-1e00-4aee-913b-56de9354b2a1"
  type: "Invoice"
  sourceId: "6ca5572d-1e00-4aee-913b-56de9354b2a1"
  contact: "880 802 (Walk in) [42348712-7daa-4c29-93b7-756b472429a4]"
2024-05-23 * "Bill #988 05月2024年MPF"
  referenceNo: "988"
  orderId: "4a577d56-916d-4f8b-ad69-d87836e56029"
  type: "Bill"
  Expenses:GeneralExpense:Mpf 7100 HKD
  qty: "1"
  description: "05月2024年MPF"
  referenceNo: "988"
  orderId: "4a577d56-916d-4f8b-ad69-d87836e56029"
  type: "Bill Item"
  sourceId: "94579ecd-c6a0-478a-ad38-0aa3f599f2bc"
  Liabilities:CurrentLiabilities:AccountPayable
  referenceNo: "988"
  orderId: "4a577d56-916d-4f8b-ad69-d87836e56029"
  type: "Bill"
  sourceId: "4a577d56-916d-4f8b-ad69-d87836e56029"
  contact: "880 806 () [53b8789a-4451-4a1f-84f7-a9c5da7ada1a]"
2024-05-23 * "880 806 () [53b8789a-4451-4a1f-84f7-a9c5da7ada1a]" "Bill Payment for Bill #988 #1781f588-17a4-4cd8-97f5-1426a8f64e88"
  contact: "880 806 () [53b8789a-4451-4a1f-84f7-a9c5da7ada1a]"
  Liabilities:CurrentLiabilities:AccountPayable 7100 HKD
  type: "Bill Payment"
  sourceId: "1781f588-17a4-4cd8-97f5-1426a8f64e88"
  referenceNo: "988"
  orderId: "4a577d56-916d-4f8b-ad69-d87836e56029"
  Assets:CurrentAssets:Bank:BocCurrentBank -7100 HKD
  type: "Bill Payment"
  sourceId: "1781f588-17a4-4cd8-97f5-1426a8f64e88"
  referenceNo: "988"
  orderId: "4a577d56-916d-4f8b-ad69-d87836e56029"
2024-05-24 * "Invoice #412 AA39248"
  Income:Sales:SalesItem:SellGoldJewelry -900 HKD
  category: "Gold Jewelry"
  sku: "DDFF2305170A000000000017"
  qty: 1
  referenceNo: "412"
  orderId: "4ea800d0-1be4-4f1d-ae19-7efadcfca524"
  type: "Invoice Item"
  sourceId: "380ec90f-b84c-46a1-afe5-2d2277a582a4"
  Assets:CurrentAssets:AccountReceivable
  referenceNo: "412"
  orderId: "4ea800d0-1be4-4f1d-ae19-7efadcfca524"
  type: "Invoice"
  sourceId: "4ea800d0-1be4-4f1d-ae19-7efadcfca524"
  contact: "852 98781387 (ms lam) [05d0f3fc-1f54-4a0e-aaf9-5ff16d5281d6]"
2024-05-24 * "Invoice #415 Stock CH2313 (gold) Tour "
  Income:Sales:SalesItem:SellGoldJewelry -1300 HKD
  category: "Gold Jewelry"
  sku: "DDFF2305120A000000000016"
  qty: 1
  referenceNo: "415"
  orderId: "d95141af-0147-4e42-9f28-cf9afe4f5eb9"
  type: "Invoice Item"
  sourceId: "35529a93-c18b-46b1-b0e5-e4bdea029c7c"
  Assets:CurrentAssets:AccountReceivable
  referenceNo: "415"
  orderId: "d95141af-0147-4e42-9f28-cf9afe4f5eb9"
  type: "Invoice"
  sourceId: "d95141af-0147-4e42-9f28-cf9afe4f5eb9"
  contact: "880 802 (Walk in) [42348712-7daa-4c29-93b7-756b472429a4]"
2024-05-24 * "Bill #992 淘寶雜類 (24年5月) (paid by visa)"
  referenceNo: "992"
  orderId: "945979af-7890-44be-89d0-1011ecbcd2da"
  type: "Bill"
  Expenses:GeneralExpense:GeneralExpensesDirect 2731.36 HKD
  qty: "1"
  description: "淘寶雜類"
  referenceNo: "992"
  orderId: "945979af-7890-44be-89d0-1011ecbcd2da"
  type: "Bill Item"
  sourceId: "51820e85-3ace-4faf-9be4-548d9a5bb8ea"
  Expenses:GeneralExpense:Subscriptions 159.13 HKD
  qty: "1"
  description: "VERCEL INC USD 20"
  referenceNo: "992"
  orderId: "945979af-7890-44be-89d0-1011ecbcd2da"
  type: "Bill Item"
  sourceId: "2dde5efe-50c5-4ad6-8008-2b8ca4f0fbec"
  Expenses:GeneralExpense:Software 78 HKD
  qty: "1"
  description: "Microsoft*Microsoft (4.26)"
  referenceNo: "992"
  orderId: "945979af-7890-44be-89d0-1011ecbcd2da"
  type: "Bill Item"
  sourceId: "b89c3617-6cb8-428c-b9d9-b7075335b4db"
  Expenses:GeneralExpense:Subscriptions 5160 HKD
  qty: "1"
  description: "LAYERSTACK (5.16)"
  referenceNo: "992"
  orderId: "945979af-7890-44be-89d0-1011ecbcd2da"
  type: "Bill Item"
  sourceId: "30157c95-d905-4117-9103-c10e4f9f3fea"
  Expenses:GeneralExpense:GeneralExpensesDirect 2189.65 HKD
  qty: "1"
  description: "珠宝专柜展示道具 (4.28)"
  referenceNo: "992"
  orderId: "945979af-7890-44be-89d0-1011ecbcd2da"
  type: "Bill Item"
  sourceId: "3d9258d3-3871-44f5-a0a1-190ec3ed482e"
  Liabilities:CurrentLiabilities:AccountPayable
  referenceNo: "992"
  orderId: "945979af-7890-44be-89d0-1011ecbcd2da"
  type: "Bill"
  sourceId: "945979af-7890-44be-89d0-1011ecbcd2da"
  contact: "880 806 () [53b8789a-4451-4a1f-84f7-a9c5da7ada1a]"
2024-05-24 * "Assets:CurrentAssets:Bank:KpayBank" "Invoice Payment for Invoice #415 #08c5ef5d-0112-4759-9a7f-dc9f0fa2d9a4"
  Assets:CurrentAssets:Bank:KpayBank 1300 HKD
  type: "Invoice Payment"
  sourceId: "08c5ef5d-0112-4759-9a7f-dc9f0fa2d9a4"
  referenceNo: "415"
  orderId: "d95141af-0147-4e42-9f28-cf9afe4f5eb9"
  Assets:CurrentAssets:AccountReceivable -1300 HKD
  type: "Invoice Payment"
  sourceId: "08c5ef5d-0112-4759-9a7f-dc9f0fa2d9a4"
  referenceNo: "415"
  orderId: "d95141af-0147-4e42-9f28-cf9afe4f5eb9"
  contact: "880 802 (Walk in) [42348712-7daa-4c29-93b7-756b472429a4]"
2024-05-24 * "Assets:CurrentAssets:Bank:KpayBank" "Invoice Payment for Invoice #412 #142ebeab-7cc2-4d7f-b16a-508048d0eaa7"
  Assets:CurrentAssets:Bank:KpayBank 900 HKD
  type: "Invoice Payment"
  sourceId: "142ebeab-7cc2-4d7f-b16a-508048d0eaa7"
  referenceNo: "412"
  orderId: "4ea800d0-1be4-4f1d-ae19-7efadcfca524"
  Assets:CurrentAssets:AccountReceivable -900 HKD
  type: "Invoice Payment"
  sourceId: "142ebeab-7cc2-4d7f-b16a-508048d0eaa7"
  referenceNo: "412"
  orderId: "4ea800d0-1be4-4f1d-ae19-7efadcfca524"
  contact: "852 98781387 (ms lam) [05d0f3fc-1f54-4a0e-aaf9-5ff16d5281d6]"
2024-05-24 * "880 806 () [53b8789a-4451-4a1f-84f7-a9c5da7ada1a]" "Bill Payment for Bill #992 #1a0b112c-cf09-4b72-9378-f5ae25f6f887"
  contact: "880 806 () [53b8789a-4451-4a1f-84f7-a9c5da7ada1a]"
  Liabilities:CurrentLiabilities:AccountPayable 10318.14 HKD
  type: "Bill Payment"
  sourceId: "1a0b112c-cf09-4b72-9378-f5ae25f6f887"
  referenceNo: "992"
  orderId: "945979af-7890-44be-89d0-1011ecbcd2da"
  Assets:CurrentAssets:Bank:BocVisaCard-DavidBank -10318.14 HKD
  type: "Bill Payment"
  sourceId: "1a0b112c-cf09-4b72-9378-f5ae25f6f887"
  referenceNo: "992"
  orderId: "945979af-7890-44be-89d0-1011ecbcd2da"
2024-05-26 * "Invoice #416 Stock B2113 Tour"
  Income:Sales:SalesItem:Sell18kJewelry -3800 HKD
  category: "Jewelry"
  sku: "DDFFFFFF0400000000000008"
  qty: 1
  referenceNo: "416"
  orderId: "ffb11e56-128c-45a3-b60c-c6bb5877c8e2"
  type: "Invoice Item"
  sourceId: "f7cbf916-480d-4ba5-b4ef-eca5d83f50a9"
  Assets:CurrentAssets:AccountReceivable
  referenceNo: "416"
  orderId: "ffb11e56-128c-45a3-b60c-c6bb5877c8e2"
  type: "Invoice"
  sourceId: "ffb11e56-128c-45a3-b60c-c6bb5877c8e2"
  contact: "880 802 (Walk in) [42348712-7daa-4c29-93b7-756b472429a4]"
2024-05-26 * "Assets:CurrentAssets:Bank:KpayBank" "Invoice Payment for Invoice #416 #5b734578-d504-4b0f-b17b-a935c9fbd9a0"
  Assets:CurrentAssets:Bank:KpayBank 3800 HKD
  type: "Invoice Payment"
  sourceId: "5b734578-d504-4b0f-b17b-a935c9fbd9a0"
  referenceNo: "416"
  orderId: "ffb11e56-128c-45a3-b60c-c6bb5877c8e2"
  Assets:CurrentAssets:AccountReceivable -3800 HKD
  type: "Invoice Payment"
  sourceId: "5b734578-d504-4b0f-b17b-a935c9fbd9a0"
  referenceNo: "416"
  orderId: "ffb11e56-128c-45a3-b60c-c6bb5877c8e2"
  contact: "880 802 (Walk in) [42348712-7daa-4c29-93b7-756b472429a4]"
2024-05-27 * "Bill #979 AE Credit Card payment (24年05月)"
  referenceNo: "979"
  orderId: "79b56fe0-1bde-4f96-8165-396a69efbe4f"
  type: "Bill"
  Expenses:GeneralExpense:AdvertisingAndBranding 757.53 HKD
  qty: "1"
  description: "CRISP - 5.4 (usd 95)"
  referenceNo: "979"
  orderId: "79b56fe0-1bde-4f96-8165-396a69efbe4f"
  type: "Bill Item"
  sourceId: "366c24a8-c78b-49dd-a4f7-0851f0d6988c"
  Expenses:GeneralExpense:AdvertisingAndBranding 1036.76 HKD
  qty: "1"
  description: "SEMRUSH - 5.8 (usd 129.95)"
  referenceNo: "979"
  orderId: "79b56fe0-1bde-4f96-8165-396a69efbe4f"
  type: "Bill Item"
  sourceId: "b11e4c7a-0914-4984-a79c-3e455770ef94"
  Expenses:GeneralExpense:Subscriptions 478.86 HKD
  qty: "1"
  description: "DUO.COM -5.2 (usd 60)"
  referenceNo: "979"
  orderId: "79b56fe0-1bde-4f96-8165-396a69efbe4f"
  type: "Bill Item"
  sourceId: "69b33d11-6820-40fc-ac73-19cc6b2bb7ec"
  Expenses:GeneralExpense:BankFeesExpense 2.1 HKD
  qty: "1"
  description: "BANK FEE"
  referenceNo: "979"
  orderId: "79b56fe0-1bde-4f96-8165-396a69efbe4f"
  type: "Bill Item"
  sourceId: "540b9cca-5aa4-4cb1-95f4-270cb0ffd288"
  Liabilities:CurrentLiabilities:AccountPayable
  referenceNo: "979"
  orderId: "79b56fe0-1bde-4f96-8165-396a69efbe4f"
  type: "Bill"
  sourceId: "79b56fe0-1bde-4f96-8165-396a69efbe4f"
  contact: "880 806 () [53b8789a-4451-4a1f-84f7-a9c5da7ada1a]"
2024-05-27 * "880 806 () [53b8789a-4451-4a1f-84f7-a9c5da7ada1a]" "Bill Payment for Bill #979 #96df16da-7b05-486a-b27e-acc5132cf992"
  contact: "880 806 () [53b8789a-4451-4a1f-84f7-a9c5da7ada1a]"
  Liabilities:CurrentLiabilities:AccountPayable 2273.15 HKD
  type: "Bill Payment"
  sourceId: "96df16da-7b05-486a-b27e-acc5132cf992"
  referenceNo: "979"
  orderId: "79b56fe0-1bde-4f96-8165-396a69efbe4f"
  Assets:CurrentAssets:Bank:BocSavingBank -2273.15 HKD
  type: "Bill Payment"
  sourceId: "96df16da-7b05-486a-b27e-acc5132cf992"
  referenceNo: "979"
  orderId: "79b56fe0-1bde-4f96-8165-396a69efbe4f"
2024-05-28 * "Bill #972 kpay132"
  referenceNo: "972"
  orderId: "a656581c-a05e-41c4-8f95-ca9d75b71231"
  type: "Bill"
  Expenses:GeneralExpense:CardFeeExpense 30.1 HKD
  qty: "1"
  description: "2200 - 2169.9 = 30.1"
  referenceNo: "972"
  orderId: "a656581c-a05e-41c4-8f95-ca9d75b71231"
  type: "Bill Item"
  sourceId: "03afdf59-335c-4f0b-bd59-84cebf82049e"
  Liabilities:CurrentLiabilities:AccountPayable
  referenceNo: "972"
  orderId: "a656581c-a05e-41c4-8f95-ca9d75b71231"
  type: "Bill"
  sourceId: "a656581c-a05e-41c4-8f95-ca9d75b71231"
  contact: "998 12345821 (KPAY) [5a706f32-7edc-48d8-ae47-62fee1e8bba1]"
2024-05-28 * "Bill #973 kpay133"
  referenceNo: "973"
  orderId: "619a705b-d9dd-451f-9620-b92220a89a0f"
  type: "Bill"
  Expenses:GeneralExpense:CardFeeExpense 46.6 HKD
  qty: "1"
  description: "3800 - 3753.4 = 46.6"
  referenceNo: "973"
  orderId: "619a705b-d9dd-451f-9620-b92220a89a0f"
  type: "Bill Item"
  sourceId: "f9478ee9-03ff-4423-a9b7-f6e327416b8c"
  Liabilities:CurrentLiabilities:AccountPayable
  referenceNo: "973"
  orderId: "619a705b-d9dd-451f-9620-b92220a89a0f"
  type: "Bill"
  sourceId: "619a705b-d9dd-451f-9620-b92220a89a0f"
  contact: "998 12345821 (KPAY) [5a706f32-7edc-48d8-ae47-62fee1e8bba1]"
2024-05-28 * "998 12345821 (KPAY) [5a706f32-7edc-48d8-ae47-62fee1e8bba1]" "Bill Payment for Bill #972 #724dde74-e031-4588-a3d2-ebf7d0665f5d"
  contact: "998 12345821 (KPAY) [5a706f32-7edc-48d8-ae47-62fee1e8bba1]"
  Liabilities:CurrentLiabilities:AccountPayable 30.1 HKD
  type: "Bill Payment"
  sourceId: "724dde74-e031-4588-a3d2-ebf7d0665f5d"
  referenceNo: "972"
  orderId: "a656581c-a05e-41c4-8f95-ca9d75b71231"
  Assets:CurrentAssets:Bank:KpayBank -30.1 HKD
  type: "Bill Payment"
  sourceId: "724dde74-e031-4588-a3d2-ebf7d0665f5d"
  referenceNo: "972"
  orderId: "a656581c-a05e-41c4-8f95-ca9d75b71231"
2024-05-28 * "998 12345821 (KPAY) [5a706f32-7edc-48d8-ae47-62fee1e8bba1]" "Bill Payment for Bill #973 #dbf39bdc-d58e-4de3-9227-5633cd7bdfc6"
  contact: "998 12345821 (KPAY) [5a706f32-7edc-48d8-ae47-62fee1e8bba1]"
  Liabilities:CurrentLiabilities:AccountPayable 46.6 HKD
  type: "Bill Payment"
  sourceId: "dbf39bdc-d58e-4de3-9227-5633cd7bdfc6"
  referenceNo: "973"
  orderId: "619a705b-d9dd-451f-9620-b92220a89a0f"
  Assets:CurrentAssets:Bank:KpayBank -46.6 HKD
  type: "Bill Payment"
  sourceId: "dbf39bdc-d58e-4de3-9227-5633cd7bdfc6"
  referenceNo: "973"
  orderId: "619a705b-d9dd-451f-9620-b92220a89a0f"
2024-05-29 * "Bill #1036 G17上網(2024-5月)"
  referenceNo: "1036"
  orderId: "75958a2e-e805-4a10-a7bd-0ba9c64f8632"
  type: "Bill"
  Expenses:GeneralExpense:TelephoneAndInternetAndAlarm 338 HKD
  qty: "1"
  description: "G17上網(2024-5月)"
  referenceNo: "1036"
  orderId: "75958a2e-e805-4a10-a7bd-0ba9c64f8632"
  type: "Bill Item"
  sourceId: "f8659086-2fc8-4b3e-adac-966f4c7ba587"
  Liabilities:CurrentLiabilities:AccountPayable
  referenceNo: "1036"
  orderId: "75958a2e-e805-4a10-a7bd-0ba9c64f8632"
  type: "Bill"
  sourceId: "75958a2e-e805-4a10-a7bd-0ba9c64f8632"
  contact: "880 806 () [53b8789a-4451-4a1f-84f7-a9c5da7ada1a]"
2024-05-29 * "880 806 () [53b8789a-4451-4a1f-84f7-a9c5da7ada1a]" "Bill Payment for Bill #1036 #a92026e4-ff48-4b32-babf-8cb5f634322d"
  contact: "880 806 () [53b8789a-4451-4a1f-84f7-a9c5da7ada1a]"
  Liabilities:CurrentLiabilities:AccountPayable 338 HKD
  type: "Bill Payment"
  sourceId: "a92026e4-ff48-4b32-babf-8cb5f634322d"
  referenceNo: "1036"
  orderId: "75958a2e-e805-4a10-a7bd-0ba9c64f8632"
  Liabilities:CurrentLiabilities:CurrentAccount:C-a-MilrichElectronicsHkCoLtd -338 HKD
  type: "Bill Payment"
  sourceId: "a92026e4-ff48-4b32-babf-8cb5f634322d"
  referenceNo: "1036"
  orderId: "75958a2e-e805-4a10-a7bd-0ba9c64f8632"
2024-05-30 * "Invoice #420 Bespoke 18K Ruby Ring"
  Income:Sales:SalesItem:Sell18kJewelry -5500 HKD
  category: "Jewelry"
  sku: "BESPOKE 未番貨"
  qty: 1
  referenceNo: "420"
  orderId: "accecbba-229f-4cbb-a188-220b552b35be"
  type: "Invoice Item"
  sourceId: "9996be3b-dd23-491c-ab65-2998b2b1c0fc"
  Assets:CurrentAssets:AccountReceivable
  referenceNo: "420"
  orderId: "accecbba-229f-4cbb-a188-220b552b35be"
  type: "Invoice"
  sourceId: "accecbba-229f-4cbb-a188-220b552b35be"
  contact: "852 63338500 (MR. ASIM) [5935c53a-70ee-455f-a1f1-294d48954eb9]"
2024-05-30 * "Bill #999 INV#604 setting for 1.20ct"
  referenceNo: "999"
  orderId: "a194c8c6-18c7-487b-91ae-10a626c876d8"
  type: "Bill"
  Expenses:CostOfSales:Purchase:PurchaseItem:BuyBespoke 9200 HKD
  category: "Jewelry"
  sku: "DDBESPOKE00000044"
  qty: 1
  referenceNo: "999"
  orderId: "a194c8c6-18c7-487b-91ae-10a626c876d8"
  type: "Bill Item"
  sourceId: "21cda118-ff0c-412e-9603-86885e3ab403"
  Liabilities:CurrentLiabilities:AccountPayable
  referenceNo: "999"
  orderId: "a194c8c6-18c7-487b-91ae-10a626c876d8"
  type: "Bill"
  sourceId: "a194c8c6-18c7-487b-91ae-10a626c876d8"
  contact: "998 12345740 (PRESSURE WORK DESIGN CONSULTANTS) [205398a5-a6c5-4a09-938a-7308f6334f41]"
2024-05-30 * "Bill #997 Ref INV#620 (Change Bracelet Size)"
  referenceNo: "997"
  orderId: "9b1ca715-a58b-4fec-adfa-cbf18549db4f"
  type: "Bill"
  Expenses:CostOfSales:Purchase:PurchaseItem:BuyCost-ProcessingFee 200 HKD
  category: "Other"
  sku: "Processing 017"
  qty: 1
  referenceNo: "997"
  orderId: "9b1ca715-a58b-4fec-adfa-cbf18549db4f"
  type: "Bill Item"
  sourceId: "de923922-2239-4c07-9c21-8de102ef9f24"
  Liabilities:CurrentLiabilities:AccountPayable
  referenceNo: "997"
  orderId: "9b1ca715-a58b-4fec-adfa-cbf18549db4f"
  type: "Bill"
  sourceId: "9b1ca715-a58b-4fec-adfa-cbf18549db4f"
  contact: "852 96221974 (強哥 首飾加工師傅) [cef6a8eb-0892-4a7c-bfdc-328752af4fd5]"
2024-05-30 * "Bill #980 SALARY 24年5月"
  referenceNo: "980"
  orderId: "3120d077-c871-4648-a3e2-10df589d75cc"
  type: "Bill"
  Expenses:GeneralExpense:WagesAndSalaries 67450 HKD
  qty: "1"
  description: "SALARY 24年5月"
  referenceNo: "980"
  orderId: "3120d077-c871-4648-a3e2-10df589d75cc"
  type: "Bill Item"
  sourceId: "7fdca3c7-bc86-41ad-93c7-89808113793b"
  Liabilities:CurrentLiabilities:AccountPayable
  referenceNo: "980"
  orderId: "3120d077-c871-4648-a3e2-10df589d75cc"
  type: "Bill"
  sourceId: "3120d077-c871-4648-a3e2-10df589d75cc"
  contact: "880 806 () [53b8789a-4451-4a1f-84f7-a9c5da7ada1a]"
2024-05-30 * "Assets:CurrentAssets:Cash:CashInHand" "Invoice Payment for Invoice #420 #32ee3efa-1293-49c9-b8c9-8d23e2ede317"
  Assets:CurrentAssets:Cash:CashInHand 5500 HKD
  type: "Invoice Payment"
  sourceId: "32ee3efa-1293-49c9-b8c9-8d23e2ede317"
  referenceNo: "420"
  orderId: "accecbba-229f-4cbb-a188-220b552b35be"
  Assets:CurrentAssets:AccountReceivable -5500 HKD
  type: "Invoice Payment"
  sourceId: "32ee3efa-1293-49c9-b8c9-8d23e2ede317"
  referenceNo: "420"
  orderId: "accecbba-229f-4cbb-a188-220b552b35be"
  contact: "852 63338500 (MR. ASIM) [5935c53a-70ee-455f-a1f1-294d48954eb9]"
2024-05-30 * "880 806 () [53b8789a-4451-4a1f-84f7-a9c5da7ada1a]" "Bill Payment for Bill #979 #cf3c09f6-c224-488d-a46a-f27677f51731"
  contact: "880 806 () [53b8789a-4451-4a1f-84f7-a9c5da7ada1a]"
  Liabilities:CurrentLiabilities:AccountPayable 2.1 HKD
  type: "Bill Payment"
  sourceId: "cf3c09f6-c224-488d-a46a-f27677f51731"
  referenceNo: "979"
  orderId: "79b56fe0-1bde-4f96-8165-396a69efbe4f"
  Assets:CurrentAssets:Bank:BocSavingBank -2.1 HKD
  type: "Bill Payment"
  sourceId: "cf3c09f6-c224-488d-a46a-f27677f51731"
  referenceNo: "979"
  orderId: "79b56fe0-1bde-4f96-8165-396a69efbe4f"
2024-05-30 * "880 806 () [53b8789a-4451-4a1f-84f7-a9c5da7ada1a]" "Bill Payment for Bill #980 #a7870f68-4241-42a9-9525-7cde42b228fc"
  contact: "880 806 () [53b8789a-4451-4a1f-84f7-a9c5da7ada1a]"
  Liabilities:CurrentLiabilities:AccountPayable 67450 HKD
  type: "Bill Payment"
  sourceId: "a7870f68-4241-42a9-9525-7cde42b228fc"
  referenceNo: "980"
  orderId: "3120d077-c871-4648-a3e2-10df589d75cc"
  Assets:CurrentAssets:Bank:BocSavingBank -67450 HKD
  type: "Bill Payment"
  sourceId: "a7870f68-4241-42a9-9525-7cde42b228fc"
  referenceNo: "980"
  orderId: "3120d077-c871-4648-a3e2-10df589d75cc"
2024-05-31 * "Invoice #459 Rebate From ICmarket 2024-05"
  Income:OtherIncome:RebateFromLp -1082.98 USDT
  description: "Manual (Back office) 05-01至05-31"
  qty: 1
  referenceNo: "459"
  orderId: "74b4604d-35d5-4e8f-935a-12d70e71976d"
  type: "Invoice Item"
  sourceId: "fedced86-ec1b-400d-810e-4b660265a20b"
  Assets:CurrentAssets:AccountReceivable
  referenceNo: "459"
  orderId: "74b4604d-35d5-4e8f-935a-12d70e71976d"
  type: "Invoice"
  sourceId: "74b4604d-35d5-4e8f-935a-12d70e71976d"
  contact: "852 666666 (icmarket) [666112b8-2856-4ed8-8370-eb4b911be7b5]"
2024-05-31 * "Invoice #417 INTEREST"
  Income:OtherIncome:Interest-bank -46.44 HKD
  description: "INTEREST"
  qty: 1
  referenceNo: "417"
  orderId: "30279866-0523-4e22-b738-173d18b949c0"
  type: "Invoice Item"
  sourceId: "f3561c54-af5d-4a07-8aaf-5d3227fbeaae"
  Assets:CurrentAssets:AccountReceivable
  referenceNo: "417"
  orderId: "30279866-0523-4e22-b738-173d18b949c0"
  type: "Invoice"
  sourceId: "30279866-0523-4e22-b738-173d18b949c0"
  contact: "998 12345835 (boc(bank of china)) [82f385a7-d238-4826-9a12-e06648f93cdb]"
2024-05-31 * "Invoice #621 Assist MW in hedging used Icmarket acc 2024-05"
  Income:OtherIncome:AssistHedging金 -317580.7 USDT
  description: "assist MW in hedging used Icmarket acc 2024.0501-0531"
  qty: 1
  referenceNo: "621"
  orderId: "337dee41-0f05-4fad-86d9-6a758b311679"
  type: "Invoice Item"
  sourceId: "76633901-afef-4b7f-ae2a-c534bbf9097a"
  Assets:CurrentAssets:AccountReceivable
  referenceNo: "621"
  orderId: "337dee41-0f05-4fad-86d9-6a758b311679"
  type: "Invoice"
  sourceId: "337dee41-0f05-4fad-86d9-6a758b311679"
  contact: "852 62244422 (Milways Gold Ltd 萬寶黄金有限公司) [2dcfeea3-ab5e-40a3-a0af-00101f3873fa]"
2024-05-31 * "Bill #982 ADT CSM - SECOM 12 MONTH (INV 1088078)"
  referenceNo: "982"
  orderId: "c51563c9-4287-4644-b3ce-b3553390be32"
  type: "Bill"
  Expenses:GeneralExpense:BankFeesExpense 5 HKD
  qty: "1"
  description: "BANK FEE"
  referenceNo: "982"
  orderId: "c51563c9-4287-4644-b3ce-b3553390be32"
  type: "Bill Item"
  sourceId: "a50e214a-6273-4b47-a7b9-bd5f0eb613c7"
  Expenses:GeneralExpense:TelephoneAndInternetAndAlarm 1056 HKD
  qty: "12"
  description: "SIM CARD SERVICE - 12 MONTH (6/6/24 - 5/6/25)"
  referenceNo: "982"
  orderId: "c51563c9-4287-4644-b3ce-b3553390be32"
  type: "Bill Item"
  sourceId: "ae9750a8-8ea5-4e22-b23a-2e9d646f8dc7"
  Expenses:GeneralExpense:TelephoneAndInternetAndAlarm 2256 HKD
  qty: "12"
  description: "MONITORING FEES - 12 MONTH (6/6/24 - 5/6/25)"
  referenceNo: "982"
  orderId: "c51563c9-4287-4644-b3ce-b3553390be32"
  type: "Bill Item"
  sourceId: "844d8bc4-0876-4a28-b76b-d17e5a6189e4"
  Liabilities:CurrentLiabilities:AccountPayable
  referenceNo: "982"
  orderId: "c51563c9-4287-4644-b3ce-b3553390be32"
  type: "Bill"
  sourceId: "c51563c9-4287-4644-b3ce-b3553390be32"
  contact: "880 806 () [53b8789a-4451-4a1f-84f7-a9c5da7ada1a]"
2024-05-31 * "Bill #1042 REF NO.24712429"
  referenceNo: "1042"
  orderId: "7ebd9bf6-0130-4e6f-ae1b-a3e3483fa239"
  type: "Bill"
  Expenses:CostOfSales:Purchase:PurchaseItem:Buy18kJewelry 89180 HKD
  category: "Jewelry"
  sku: "DD2404100000000000000003"
  qty: 1
  referenceNo: "1042"
  orderId: "7ebd9bf6-0130-4e6f-ae1b-a3e3483fa239"
  type: "Bill Item"
  sourceId: "b0612d09-1ee2-49d3-a6b3-2613e0d0cc93"
  Expenses:CostOfSales:Purchase:PurchaseItem:Buy18kJewelry 34580 HKD
  category: "Jewelry"
  sku: "DD2404100000000000000004"
  qty: 1
  referenceNo: "1042"
  orderId: "7ebd9bf6-0130-4e6f-ae1b-a3e3483fa239"
  type: "Bill Item"
  sourceId: "32921cff-4439-4af1-a9e2-c5dcbf7260b0"
  Expenses:CostOfSales:Purchase:PurchaseItem:Buy18kJewelry 2600 HKD
  category: "Jewelry"
  sku: "DD2404100000000000000011"
  qty: 1
  referenceNo: "1042"
  orderId: "7ebd9bf6-0130-4e6f-ae1b-a3e3483fa239"
  type: "Bill Item"
  sourceId: "d5f00e6e-6fb8-4037-a28c-69783f2ab240"
  Expenses:CostOfSales:Purchase:PurchaseItem:Buy18kJewelry 2340 HKD
  category: "Jewelry"
  sku: "DD2404100000000000000012"
  qty: 1
  referenceNo: "1042"
  orderId: "7ebd9bf6-0130-4e6f-ae1b-a3e3483fa239"
  type: "Bill Item"
  sourceId: "404cdf93-6bce-486b-817c-bbed7e34bcca"
  Expenses:CostOfSales:Purchase:PurchaseItem:Buy18kJewelry 9100 HKD
  category: "Jewelry"
  sku: "DD2404100000000000000005"
  qty: 1
  referenceNo: "1042"
  orderId: "7ebd9bf6-0130-4e6f-ae1b-a3e3483fa239"
  type: "Bill Item"
  sourceId: "548992f8-2bb4-40bc-ae89-bf3e66c5d47d"
  Expenses:CostOfSales:Purchase:PurchaseItem:Buy18kJewelry 11466 HKD
  category: "Jewelry"
  sku: "DD2404100000000000000006"
  qty: 1
  referenceNo: "1042"
  orderId: "7ebd9bf6-0130-4e6f-ae1b-a3e3483fa239"
  type: "Bill Item"
  sourceId: "30744ac5-9099-4452-8053-e6597213135f"
  Expenses:CostOfSales:Purchase:PurchaseItem:Buy18kJewelry 13650 HKD
  category: "Jewelry"
  sku: "DD2404100000000000000007"
  qty: 1
  referenceNo: "1042"
  orderId: "7ebd9bf6-0130-4e6f-ae1b-a3e3483fa239"
  type: "Bill Item"
  sourceId: "2cee958d-6936-4b99-96ed-5b1171f6ad75"
  Expenses:CostOfSales:Purchase:PurchaseItem:Buy18kJewelry 20020 HKD
  category: "Jewelry"
  sku: "DD2404100000000000000008"
  qty: 1
  referenceNo: "1042"
  orderId: "7ebd9bf6-0130-4e6f-ae1b-a3e3483fa239"
  type: "Bill Item"
  sourceId: "8271b1d7-f25d-4371-b228-c685f7a541a3"
  Expenses:CostOfSales:Purchase:PurchaseItem:Buy18kJewelry 9680 HKD
  category: "Jewelry"
  sku: "DD2404100000000000000009"
  qty: 1
  referenceNo: "1042"
  orderId: "7ebd9bf6-0130-4e6f-ae1b-a3e3483fa239"
  type: "Bill Item"
  sourceId: "84507c58-2080-4397-934c-535450519d6a"
  Expenses:CostOfSales:Purchase:PurchaseItem:Buy18kJewelry 27300 HKD
  category: "Jewelry"
  sku: "DD2404100000000000000010"
  qty: 1
  referenceNo: "1042"
  orderId: "7ebd9bf6-0130-4e6f-ae1b-a3e3483fa239"
  type: "Bill Item"
  sourceId: "f418a6a1-f519-4f98-b954-13f47388d309"
  Expenses:CostOfSales:Purchase:PurchaseItem:Buy18kJewelry 10920 HKD
  category: "Jewelry"
  sku: "DD2404100000000000000015"
  qty: 1
  referenceNo: "1042"
  orderId: "7ebd9bf6-0130-4e6f-ae1b-a3e3483fa239"
  type: "Bill Item"
  sourceId: "3d97860b-f9f0-4e67-8b9e-96154237f623"
  Expenses:CostOfSales:Purchase:PurchaseItem:Buy18kJewelry 15834 HKD
  category: "Jewelry"
  sku: "DD2404100000000000000013"
  qty: 1
  referenceNo: "1042"
  orderId: "7ebd9bf6-0130-4e6f-ae1b-a3e3483fa239"
  type: "Bill Item"
  sourceId: "97982ff4-1569-4f74-872f-8e9992cf1de6"
  Expenses:CostOfSales:Purchase:PurchaseItem:Buy18kJewelry 7189 HKD
  category: "Jewelry"
  sku: "DD2404100000000000000014"
  qty: 1
  referenceNo: "1042"
  orderId: "7ebd9bf6-0130-4e6f-ae1b-a3e3483fa239"
  type: "Bill Item"
  sourceId: "d80f328d-c855-4fc9-99e2-43af4a3e0d42"
  Expenses:CostOfSales:Purchase:PurchaseItem:Buy18kJewelry 78260 HKD
  category: "Jewelry"
  sku: "DD2404100000000000000002"
  qty: 1
  referenceNo: "1042"
  orderId: "7ebd9bf6-0130-4e6f-ae1b-a3e3483fa239"
  type: "Bill Item"
  sourceId: "62e66b11-2c03-4e55-a677-5800a8081c32"
  Expenses:CostOfSales:Purchase:PurchaseItem:Buy18kJewelry 114400 HKD
  category: "Jewelry"
  sku: "DD2404100000000000000001"
  qty: 1
  referenceNo: "1042"
  orderId: "7ebd9bf6-0130-4e6f-ae1b-a3e3483fa239"
  type: "Bill Item"
  sourceId: "612640d7-c23b-4b54-ae90-3c451035bdf0"
  Liabilities:CurrentLiabilities:AccountPayable
  referenceNo: "1042"
  orderId: "7ebd9bf6-0130-4e6f-ae1b-a3e3483fa239"
  type: "Bill"
  sourceId: "7ebd9bf6-0130-4e6f-ae1b-a3e3483fa239"
  contact: "81 0338326508 (NET JAPAN Co. Ltd.) [ab8cc9c7-e476-478f-bb48-e6c95d7244c7]"
2024-05-31 * "Bill #1060 Cost of Hedging (金) 2024-5"
  referenceNo: "1060"
  orderId: "d77baff3-7aa2-4107-ba97-a423fc61518e"
  type: "Bill"
  Expenses:OtherExpenses:CostOfHedging金 317580.7 USDT
  qty: "1"
  description: "Closed Trade P/L"
  referenceNo: "1060"
  orderId: "d77baff3-7aa2-4107-ba97-a423fc61518e"
  type: "Bill Item"
  sourceId: "fc8a0c80-a976-4395-a553-72469d872dbf"
  Liabilities:CurrentLiabilities:AccountPayable
  referenceNo: "1060"
  orderId: "d77baff3-7aa2-4107-ba97-a423fc61518e"
  type: "Bill"
  sourceId: "d77baff3-7aa2-4107-ba97-a423fc61518e"
  contact: "852 666666 (icmarket) [666112b8-2856-4ed8-8370-eb4b911be7b5]"
2024-05-31 * "Assets:CurrentAssets:Bank:KpayBank" "Invoice Payment for Invoice #408 #c58b2ace-9420-4ca5-adf4-11950d6c1182"
  Assets:CurrentAssets:Bank:KpayBank 8800 HKD
  type: "Invoice Payment"
  sourceId: "c58b2ace-9420-4ca5-adf4-11950d6c1182"
  referenceNo: "408"
  orderId: "7f712f7f-5e64-470d-bf96-3923faa46255"
  Assets:CurrentAssets:AccountReceivable -8800 HKD
  type: "Invoice Payment"
  sourceId: "c58b2ace-9420-4ca5-adf4-11950d6c1182"
  referenceNo: "408"
  orderId: "7f712f7f-5e64-470d-bf96-3923faa46255"
  contact: "852 61314151 (SHEMY MISS CHIU) [adb4459a-927b-4b41-84bc-b7968edb20e8]"
2024-05-31 * "Assets:CurrentAssets:E-tradingPlatform:Mt4320039271金" "Invoice Payment for Invoice #459 #e50023f4-e962-49a4-b30f-9272feb6679f"
  Assets:CurrentAssets:E-tradingPlatform:Mt4320039271金 1082.98 USDT
  type: "Invoice Payment"
  sourceId: "e50023f4-e962-49a4-b30f-9272feb6679f"
  referenceNo: "459"
  orderId: "74b4604d-35d5-4e8f-935a-12d70e71976d"
  Assets:CurrentAssets:AccountReceivable -1082.98 USDT
  type: "Invoice Payment"
  sourceId: "e50023f4-e962-49a4-b30f-9272feb6679f"
  referenceNo: "459"
  orderId: "74b4604d-35d5-4e8f-935a-12d70e71976d"
  contact: "852 666666 (icmarket) [666112b8-2856-4ed8-8370-eb4b911be7b5]"
2024-05-31 * "Assets:CurrentAssets:Wallet:DkkCWallet金料" "Invoice Payment for Invoice #621 #85b41c13-2406-42a7-a82d-f6c3a46a14a4"
  Assets:CurrentAssets:Wallet:DkkCWallet金料 317580.7 USDT
  type: "Invoice Payment"
  sourceId: "85b41c13-2406-42a7-a82d-f6c3a46a14a4"
  referenceNo: "621"
  orderId: "337dee41-0f05-4fad-86d9-6a758b311679"
  Assets:CurrentAssets:AccountReceivable -317580.7 USDT
  type: "Invoice Payment"
  sourceId: "85b41c13-2406-42a7-a82d-f6c3a46a14a4"
  referenceNo: "621"
  orderId: "337dee41-0f05-4fad-86d9-6a758b311679"
  contact: "852 62244422 (Milways Gold Ltd 萬寶黄金有限公司) [2dcfeea3-ab5e-40a3-a0af-00101f3873fa]"
2024-05-31 * "Assets:CurrentAssets:Bank:BocSavingBank" "Invoice Payment for Invoice #417 #680f3f40-0fe1-4aac-a3c7-5ab8b26fb6d1"
  Assets:CurrentAssets:Bank:BocSavingBank 46.44 HKD
  type: "Invoice Payment"
  sourceId: "680f3f40-0fe1-4aac-a3c7-5ab8b26fb6d1"
  referenceNo: "417"
  orderId: "30279866-0523-4e22-b738-173d18b949c0"
  Assets:CurrentAssets:AccountReceivable -46.44 HKD
  type: "Invoice Payment"
  sourceId: "680f3f40-0fe1-4aac-a3c7-5ab8b26fb6d1"
  referenceNo: "417"
  orderId: "30279866-0523-4e22-b738-173d18b949c0"
  contact: "998 12345835 (boc(bank of china)) [82f385a7-d238-4826-9a12-e06648f93cdb]"
2024-05-31 * "81 0338326508 (NET JAPAN Co. Ltd.) [ab8cc9c7-e476-478f-bb48-e6c95d7244c7]" "Bill Payment for Bill #1042 #fbc6d0ed-d3c6-4680-b2cd-e91239e9766b"
  contact: "81 0338326508 (NET JAPAN Co. Ltd.) [ab8cc9c7-e476-478f-bb48-e6c95d7244c7]"
  Liabilities:CurrentLiabilities:AccountPayable 446519 HKD
  type: "Bill Payment"
  sourceId: "fbc6d0ed-d3c6-4680-b2cd-e91239e9766b"
  referenceNo: "1042"
  orderId: "7ebd9bf6-0130-4e6f-ae1b-a3e3483fa239"
  Liabilities:CurrentLiabilities:CurrentAccount:C-a-MilrichElectronicsHkCoLtd -446519 HKD
  type: "Bill Payment"
  sourceId: "fbc6d0ed-d3c6-4680-b2cd-e91239e9766b"
  referenceNo: "1042"
  orderId: "7ebd9bf6-0130-4e6f-ae1b-a3e3483fa239"
2024-05-31 * "880 806 () [53b8789a-4451-4a1f-84f7-a9c5da7ada1a]" "Bill Payment for Bill #982 #d68f0c09-e989-4e19-bdd7-a995d1c76105"
  contact: "880 806 () [53b8789a-4451-4a1f-84f7-a9c5da7ada1a]"
  Liabilities:CurrentLiabilities:AccountPayable 5 HKD
  type: "Bill Payment"
  sourceId: "d68f0c09-e989-4e19-bdd7-a995d1c76105"
  referenceNo: "982"
  orderId: "c51563c9-4287-4644-b3ce-b3553390be32"
  Assets:CurrentAssets:Bank:BocSavingBank -5 HKD
  type: "Bill Payment"
  sourceId: "d68f0c09-e989-4e19-bdd7-a995d1c76105"
  referenceNo: "982"
  orderId: "c51563c9-4287-4644-b3ce-b3553390be32"
2024-05-31 * "852 666666 (icmarket) [666112b8-2856-4ed8-8370-eb4b911be7b5]" "Bill Payment for Bill #1060 #3d583313-0332-4487-93e0-d531bc58607a"
  contact: "852 666666 (icmarket) [666112b8-2856-4ed8-8370-eb4b911be7b5]"
  Liabilities:CurrentLiabilities:AccountPayable 317580.7 USDT
  type: "Bill Payment"
  sourceId: "3d583313-0332-4487-93e0-d531bc58607a"
  referenceNo: "1060"
  orderId: "d77baff3-7aa2-4107-ba97-a423fc61518e"
  Assets:CurrentAssets:E-tradingPlatform:Mt4320039271金 -317580.7 USDT
  type: "Bill Payment"
  sourceId: "3d583313-0332-4487-93e0-d531bc58607a"
  referenceNo: "1060"
  orderId: "d77baff3-7aa2-4107-ba97-a423fc61518e"
2024-05-31 * "998 12345826 (Memorigin Watch Company Limited 萬希泉) [a9604f2b-393e-4be4-8ccf-cf6c31e1100e]" "Bill Payment for Bill #1051 #20716c60-20a8-4e1b-a46c-e200dcf18ce9"
  contact: "998 12345826 (Memorigin Watch Company Limited 萬希泉) [a9604f2b-393e-4be4-8ccf-cf6c31e1100e]"
  Liabilities:CurrentLiabilities:AccountPayable 31000 HKD
  type: "Bill Payment"
  sourceId: "20716c60-20a8-4e1b-a46c-e200dcf18ce9"
  referenceNo: "1051"
  orderId: "5fc3b110-d97f-42b6-b09e-497c2830f780"
  Assets:CurrentAssets:Bank:BocSavingBank -31000 HKD
  type: "Bill Payment"
  sourceId: "20716c60-20a8-4e1b-a46c-e200dcf18ce9"
  referenceNo: "1051"
  orderId: "5fc3b110-d97f-42b6-b09e-497c2830f780"
2024-05-31 * "998 12345826 (Memorigin Watch Company Limited 萬希泉) [a9604f2b-393e-4be4-8ccf-cf6c31e1100e]" "Bill Payment for Bill #1051 #14b8c493-1d86-4f3f-a4c3-521f3b35f6d0"
  contact: "998 12345826 (Memorigin Watch Company Limited 萬希泉) [a9604f2b-393e-4be4-8ccf-cf6c31e1100e]"
  Liabilities:CurrentLiabilities:AccountPayable 30000 HKD
  type: "Bill Payment"
  sourceId: "14b8c493-1d86-4f3f-a4c3-521f3b35f6d0"
  referenceNo: "1051"
  orderId: "5fc3b110-d97f-42b6-b09e-497c2830f780"
  Assets:CurrentAssets:Bank:BocSavingBank -30000 HKD
  type: "Bill Payment"
  sourceId: "14b8c493-1d86-4f3f-a4c3-521f3b35f6d0"
  referenceNo: "1051"
  orderId: "5fc3b110-d97f-42b6-b09e-497c2830f780"
2024-05-31 * "880 806 () [53b8789a-4451-4a1f-84f7-a9c5da7ada1a]" "Bill Payment for Bill #982 #c558dab3-6a2b-4f2d-8410-a35d1450d122"
  contact: "880 806 () [53b8789a-4451-4a1f-84f7-a9c5da7ada1a]"
  Liabilities:CurrentLiabilities:AccountPayable 3312 HKD
  type: "Bill Payment"
  sourceId: "c558dab3-6a2b-4f2d-8410-a35d1450d122"
  referenceNo: "982"
  orderId: "c51563c9-4287-4644-b3ce-b3553390be32"
  Assets:CurrentAssets:Bank:BocSavingBank -3312 HKD
  type: "Bill Payment"
  sourceId: "c558dab3-6a2b-4f2d-8410-a35d1450d122"
  referenceNo: "982"
  orderId: "c51563c9-4287-4644-b3ce-b3553390be32"