; ORDER transactions for 2024-04

2024-04-05 * "Bill #1469 (01/04-05/04)1week 259kg*8= 2072usdt"
  referenceNo: "1469"
  orderId: "dd5eb0ba-2335-4318-a051-b7f249a2ed90"
  type: "Bill"
  Expenses:GeneralExpense:MetalTransportationFee 2072.00 USDT
  qty: "259"
  description: "Transportation"
  referenceNo: "1469"
  orderId: "dd5eb0ba-2335-4318-a051-b7f249a2ed90"
  type: "Bill Item"
  sourceId: "513a3c61-ca46-4f0e-b262-09feff735f26"
  Liabilities:CurrentLiabilities:AccountPayable
  referenceNo: "1469"
  orderId: "dd5eb0ba-2335-4318-a051-b7f249a2ed90"
  type: "Bill"
  sourceId: "dd5eb0ba-2335-4318-a051-b7f249a2ed90"
  contact: "82 10063988492 () [2d630467-4741-4a05-854d-e05b52b867d2]"
2024-04-05 * "82 10063988492 () [2d630467-4741-4a05-854d-e05b52b867d2]" "Bill Payment for Bill #1469 #a77d4b5e-015a-4fd5-bd56-b7c97941ea4c"
  Liabilities:CurrentLiabilities:AccountPayable 2072.00 USDT
  contact: "82 10063988492 () [2d630467-4741-4a05-854d-e05b52b867d2]"
  type: "Bill Payment"
  sourceId: "a77d4b5e-015a-4fd5-bd56-b7c97941ea4c"
  referenceNo: "1469"
  orderId: "dd5eb0ba-2335-4318-a051-b7f249a2ed90"
  Assets:CurrentAssets:Wallet:DkkCWallet金料 -2072.00 USDT
  type: "Bill Payment"
  sourceId: "a77d4b5e-015a-4fd5-bd56-b7c97941ea4c"
  referenceNo: "1469"
  orderId: "dd5eb0ba-2335-4318-a051-b7f249a2ed90"
2024-04-06 * "Invoice #480 報損融金 - B23154 / P2339 / E2313 (入成本消數 - 舊單 INV582 (不小心被CXL))"
  Income:Sales:SalesItem:LostOrDamagedGoods -1356.15 CNY
  category: "Gold Jewelry"
  sku: "DD2310200000000000000028"
  qty: 1
  referenceNo: "480"
  orderId: "8c2a61ad-3776-4fc9-9abc-a817dbb00220"
  type: "Invoice Item"
  sourceId: "2c406d04-3da4-43f4-947c-12e21a4fcfa9"
  Income:Sales:SalesItem:LostOrDamagedGoods -1472.07 CNY
  category: "Gold Jewelry"
  sku: "DDFF23051706000000000009"
  qty: 1
  referenceNo: "480"
  orderId: "8c2a61ad-3776-4fc9-9abc-a817dbb00220"
  type: "Invoice Item"
  sourceId: "26b2db36-22f2-43e2-b8cd-7db74cf28b4f"
  Income:Sales:SalesItem:LostOrDamagedGoods -2484.28 CNY
  category: "Gold Jewelry"
  sku: "DD2310200000000000000122"
  qty: 1
  referenceNo: "480"
  orderId: "8c2a61ad-3776-4fc9-9abc-a817dbb00220"
  type: "Invoice Item"
  sourceId: "6dfab8ef-0fb2-49c8-8cce-2c30f9a89543"
  Assets:CurrentAssets:AccountReceivable
  referenceNo: "480"
  orderId: "8c2a61ad-3776-4fc9-9abc-a817dbb00220"
  type: "Invoice"
  sourceId: "8c2a61ad-3776-4fc9-9abc-a817dbb00220"
  contact: "998 0000000001 (BadDebt/otheradjustment) [aa36b528-fbf4-4676-93f7-6aaafc481df7]"
2024-04-06 * "Bill #1089 回收6.9G 黃金牌485/g (之前入了INV582)"
  referenceNo: "1089"
  orderId: "8aa55285-501f-4501-9b1c-dce0b3c8ef11"
  type: "Bill"
  Assets:CurrentAssets:ShopInventory:GoldJewelry 3346.50 HKD
  qty: "1"
  description: "回收6.9G 黃金 * 485/g"
  referenceNo: "1089"
  orderId: "8aa55285-501f-4501-9b1c-dce0b3c8ef11"
  type: "Bill Item"
  sourceId: "202c01c1-6faa-4309-9b57-b390f16a73c1"
  Liabilities:CurrentLiabilities:AccountPayable
  referenceNo: "1089"
  orderId: "8aa55285-501f-4501-9b1c-dce0b3c8ef11"
  type: "Bill"
  sourceId: "8aa55285-501f-4501-9b1c-dce0b3c8ef11"
  contact: "880 803 (街客收金) [20797379-d429-4e91-9b05-52aae755d1a4]"
2024-04-06 * "Unknown-5e276670-f32b-4373-a6eb-2ccb81c73f50" "Invoice Payment for Invoice #480 #423a3fbf-8f72-4a8e-989d-a2f5383ec113"
  Unknown-5e276670-f32b-4373-a6eb-2ccb81c73f50 5312.50 CNY
  type: "Invoice Payment"
  sourceId: "423a3fbf-8f72-4a8e-989d-a2f5383ec113"
  referenceNo: "480"
  orderId: "8c2a61ad-3776-4fc9-9abc-a817dbb00220"
  Assets:CurrentAssets:AccountReceivable -5312.50 CNY
  type: "Invoice Payment"
  sourceId: "423a3fbf-8f72-4a8e-989d-a2f5383ec113"
  referenceNo: "480"
  orderId: "8c2a61ad-3776-4fc9-9abc-a817dbb00220"
  contact: "998 0000000001 (BadDebt/otheradjustment) [aa36b528-fbf4-4676-93f7-6aaafc481df7]"
2024-04-06 * "880 803 (街客收金) [20797379-d429-4e91-9b05-52aae755d1a4]" "Bill Payment for Bill #1089 #e357a0cb-4fbd-4c3c-a1f7-50a9ad39a9c0"
  Liabilities:CurrentLiabilities:AccountPayable 3346.50 HKD
  contact: "880 803 (街客收金) [20797379-d429-4e91-9b05-52aae755d1a4]"
  type: "Bill Payment"
  sourceId: "e357a0cb-4fbd-4c3c-a1f7-50a9ad39a9c0"
  referenceNo: "1089"
  orderId: "8aa55285-501f-4501-9b1c-dce0b3c8ef11"
  Liabilities:CurrentLiabilities:CurrentAccount:C-a-MilrichElectronicsHkCoLtd -3346.50 HKD
  type: "Bill Payment"
  sourceId: "e357a0cb-4fbd-4c3c-a1f7-50a9ad39a9c0"
  referenceNo: "1089"
  orderId: "8aa55285-501f-4501-9b1c-dce0b3c8ef11"
2024-04-08 * "Bill #959 Biz4x Fx API - 12 mos"
  referenceNo: "959"
  orderId: "eb6aff58-41da-429e-abd8-c645b4f8c78a"
  type: "Bill"
  Expenses:GeneralExpense:Subscriptions 15699.00 HKD
  qty: "1"
  description: "Biz4x Fx API - 12 mos (24.04.15 - 25.04.14) (USD 2000)"
  referenceNo: "959"
  orderId: "eb6aff58-41da-429e-abd8-c645b4f8c78a"
  type: "Bill Item"
  sourceId: "f6fbd13b-359c-4991-8be2-353a0b2d849e"
  Expenses:GeneralExpense:BankFeesExpense 120.00 HKD
  qty: "1"
  description: "Bank Fee"
  referenceNo: "959"
  orderId: "eb6aff58-41da-429e-abd8-c645b4f8c78a"
  type: "Bill Item"
  sourceId: "7f049b12-67e6-4b47-8b6e-c0cd9581e9b6"
  Liabilities:CurrentLiabilities:AccountPayable
  referenceNo: "959"
  orderId: "eb6aff58-41da-429e-abd8-c645b4f8c78a"
  type: "Bill"
  sourceId: "eb6aff58-41da-429e-abd8-c645b4f8c78a"
  contact: "998 12345691 (BIZ4XPTELTDSG) [e3e3ccd9-3885-464a-bd03-d46e3bcb4000]"
2024-04-08 * "998 12345691 (BIZ4XPTELTDSG) [e3e3ccd9-3885-464a-bd03-d46e3bcb4000]" "Bill Payment for Bill #959 #b2641729-cf5c-4819-b4bc-7f634c46e574"
  Liabilities:CurrentLiabilities:AccountPayable 15699.00 HKD
  contact: "998 12345691 (BIZ4XPTELTDSG) [e3e3ccd9-3885-464a-bd03-d46e3bcb4000]"
  type: "Bill Payment"
  sourceId: "b2641729-cf5c-4819-b4bc-7f634c46e574"
  referenceNo: "959"
  orderId: "eb6aff58-41da-429e-abd8-c645b4f8c78a"
  Assets:CurrentAssets:Bank:BocSavingBank -15699.00 HKD
  type: "Bill Payment"
  sourceId: "b2641729-cf5c-4819-b4bc-7f634c46e574"
  referenceNo: "959"
  orderId: "eb6aff58-41da-429e-abd8-c645b4f8c78a"
2024-04-08 * "998 12345691 (BIZ4XPTELTDSG) [e3e3ccd9-3885-464a-bd03-d46e3bcb4000]" "Bill Payment for Bill #959 #56556c48-b22d-4b79-a829-137fe425d28c"
  Liabilities:CurrentLiabilities:AccountPayable 120.00 HKD
  contact: "998 12345691 (BIZ4XPTELTDSG) [e3e3ccd9-3885-464a-bd03-d46e3bcb4000]"
  type: "Bill Payment"
  sourceId: "56556c48-b22d-4b79-a829-137fe425d28c"
  referenceNo: "959"
  orderId: "eb6aff58-41da-429e-abd8-c645b4f8c78a"
  Assets:CurrentAssets:Bank:BocSavingBank -120.00 HKD
  type: "Bill Payment"
  sourceId: "56556c48-b22d-4b79-a829-137fe425d28c"
  referenceNo: "959"
  orderId: "eb6aff58-41da-429e-abd8-c645b4f8c78a"
2024-04-09 * "Bill #960 RAPAPORT - instant inventory API (till 20240924) (Inv No.:120144 )"
  referenceNo: "960"
  orderId: "6ec71467-ac8c-42ab-8241-2cea8c3b8ace"
  type: "Bill"
  Expenses:GeneralExpense:Subscriptions 255.00 USD
  qty: "1"
  description: "RAPAPORT - instant inventory API (till 20240924)"
  referenceNo: "960"
  orderId: "6ec71467-ac8c-42ab-8241-2cea8c3b8ace"
  type: "Bill Item"
  sourceId: "d0f4f1b2-259c-4e72-9613-b5ac8756b465"
  Liabilities:CurrentLiabilities:AccountPayable
  referenceNo: "960"
  orderId: "6ec71467-ac8c-42ab-8241-2cea8c3b8ace"
  type: "Bill"
  sourceId: "6ec71467-ac8c-42ab-8241-2cea8c3b8ace"
  contact: "880 806 () [53b8789a-4451-4a1f-84f7-a9c5da7ada1a]"
2024-04-09 * "Bill #1026 DKK 中電新增按金"
  referenceNo: "1026"
  orderId: "e6d9273e-c147-447b-8610-03a2a6ec4e7d"
  type: "Bill"
  Assets:OtherAssets:Deposit押金 700.00 HKD
  qty: "1"
  description: "DKK 中電新增按金"
  referenceNo: "1026"
  orderId: "e6d9273e-c147-447b-8610-03a2a6ec4e7d"
  type: "Bill Item"
  sourceId: "2ad0fe5b-3ff2-4766-abcc-b802105bc2d8"
  Liabilities:CurrentLiabilities:AccountPayable
  referenceNo: "1026"
  orderId: "e6d9273e-c147-447b-8610-03a2a6ec4e7d"
  type: "Bill"
  sourceId: "e6d9273e-c147-447b-8610-03a2a6ec4e7d"
  contact: "880 806 () [53b8789a-4451-4a1f-84f7-a9c5da7ada1a]"
2024-04-09 * "880 806 () [53b8789a-4451-4a1f-84f7-a9c5da7ada1a]" "Bill Payment for Bill #960 #8d5147a4-b827-4aa7-8931-687a23ebd819"
  Liabilities:CurrentLiabilities:AccountPayable 255.00 USD
  contact: "880 806 () [53b8789a-4451-4a1f-84f7-a9c5da7ada1a]"
  type: "Bill Payment"
  sourceId: "8d5147a4-b827-4aa7-8931-687a23ebd819"
  referenceNo: "960"
  orderId: "6ec71467-ac8c-42ab-8241-2cea8c3b8ace"
  Assets:CurrentAssets:Bank:BocCurrentBank -255.00 USD
  type: "Bill Payment"
  sourceId: "8d5147a4-b827-4aa7-8931-687a23ebd819"
  referenceNo: "960"
  orderId: "6ec71467-ac8c-42ab-8241-2cea8c3b8ace"
2024-04-10 * "Bill #1259 GIA Certification (Paid by Visa)"
  referenceNo: "1259"
  orderId: "b7bfb5f4-91ed-4f05-946e-a38e2bcf5823"
  type: "Bill"
  Expenses:GeneralExpense:GeneralExpensesDirect 1517.00 HKD
  qty: "1"
  description: "GIA Certification (INV 100582728796)"
  referenceNo: "1259"
  orderId: "b7bfb5f4-91ed-4f05-946e-a38e2bcf5823"
  type: "Bill Item"
  sourceId: "2cc1c302-ca18-4b81-81f8-6400ecbd69b2"
  Expenses:GeneralExpense:BankFeesExpense 12.13 HKD
  qty: "1"
  description: "OVERSEAS TRANSACTION FEE"
  referenceNo: "1259"
  orderId: "b7bfb5f4-91ed-4f05-946e-a38e2bcf5823"
  type: "Bill Item"
  sourceId: "9dd50e57-8797-47db-b715-58d9797e789b"
  Liabilities:CurrentLiabilities:AccountPayable
  referenceNo: "1259"
  orderId: "b7bfb5f4-91ed-4f05-946e-a38e2bcf5823"
  type: "Bill"
  sourceId: "b7bfb5f4-91ed-4f05-946e-a38e2bcf5823"
  contact: "880 806 () [53b8789a-4451-4a1f-84f7-a9c5da7ada1a]"
2024-04-12 * "Bill #969 EPS 24年3月手續費"
  referenceNo: "969"
  orderId: "685378a1-dbf8-470a-b03b-bd9b6d848cf5"
  type: "Bill"
  Liabilities:CurrentLiabilities:AccruedExpenses 410.00 HKD
  qty: "1"
  description: "EPS 24年3月手續費"
  referenceNo: "969"
  orderId: "685378a1-dbf8-470a-b03b-bd9b6d848cf5"
  type: "Bill Item"
  sourceId: "d2468edb-5689-42a8-b14e-ac21cfe89d27"
  Liabilities:CurrentLiabilities:AccountPayable
  referenceNo: "969"
  orderId: "685378a1-dbf8-470a-b03b-bd9b6d848cf5"
  type: "Bill"
  sourceId: "685378a1-dbf8-470a-b03b-bd9b6d848cf5"
  contact: "880 806 () [53b8789a-4451-4a1f-84f7-a9c5da7ada1a]"
2024-04-12 * "Bill #1470 (08/04-12/04)1week 288kg*8= 2304usdt"
  referenceNo: "1470"
  orderId: "42f28def-a5d7-4fef-ba9b-c1c848f5bcc7"
  type: "Bill"
  Expenses:GeneralExpense:MetalTransportationFee 2304.00 USDT
  qty: "288"
  description: ""
  referenceNo: "1470"
  orderId: "42f28def-a5d7-4fef-ba9b-c1c848f5bcc7"
  type: "Bill Item"
  sourceId: "0f7a08e8-8e9d-432c-b3f1-c0411f0bbd56"
  Liabilities:CurrentLiabilities:AccountPayable
  referenceNo: "1470"
  orderId: "42f28def-a5d7-4fef-ba9b-c1c848f5bcc7"
  type: "Bill"
  sourceId: "42f28def-a5d7-4fef-ba9b-c1c848f5bcc7"
  contact: "82 10063988492 () [2d630467-4741-4a05-854d-e05b52b867d2]"
2024-04-12 * "880 806 () [53b8789a-4451-4a1f-84f7-a9c5da7ada1a]" "Bill Payment for Bill #969 #684ddbe3-aa54-42d4-9ccc-2623cab8161e"
  Liabilities:CurrentLiabilities:AccountPayable 410.00 HKD
  contact: "880 806 () [53b8789a-4451-4a1f-84f7-a9c5da7ada1a]"
  type: "Bill Payment"
  sourceId: "684ddbe3-aa54-42d4-9ccc-2623cab8161e"
  referenceNo: "969"
  orderId: "685378a1-dbf8-470a-b03b-bd9b6d848cf5"
  Assets:CurrentAssets:Bank:BocSavingBank -410.00 HKD
  type: "Bill Payment"
  sourceId: "684ddbe3-aa54-42d4-9ccc-2623cab8161e"
  referenceNo: "969"
  orderId: "685378a1-dbf8-470a-b03b-bd9b6d848cf5"
2024-04-12 * "82 10063988492 () [2d630467-4741-4a05-854d-e05b52b867d2]" "Bill Payment for Bill #1470 #4ec1f0bd-9d04-4a5b-8cdd-19799e477c72"
  Liabilities:CurrentLiabilities:AccountPayable 2304.00 USDT
  contact: "82 10063988492 () [2d630467-4741-4a05-854d-e05b52b867d2]"
  type: "Bill Payment"
  sourceId: "4ec1f0bd-9d04-4a5b-8cdd-19799e477c72"
  referenceNo: "1470"
  orderId: "42f28def-a5d7-4fef-ba9b-c1c848f5bcc7"
  Assets:CurrentAssets:Wallet:DkkCWallet金料 -2304.00 USDT
  type: "Bill Payment"
  sourceId: "4ec1f0bd-9d04-4a5b-8cdd-19799e477c72"
  referenceNo: "1470"
  orderId: "42f28def-a5d7-4fef-ba9b-c1c848f5bcc7"
2024-04-13 * "Invoice #658 Staff Sales - Angel"
  Income:Sales:SalesItem:SellGoldJewelry -2200.00 HKD
  category: "Gold Jewelry"
  sku: "DDFF23051706000000000019"
  qty: 1
  referenceNo: "658"
  orderId: "446634a5-bd08-4daa-b11e-1d904c523a10"
  type: "Invoice Item"
  sourceId: "9986ef98-0149-4aeb-b448-bb2b24ec7579"
  Income:Sales:SalesItem:Sell18kJewelry -4300.00 HKD
  category: "Jewelry"
  sku: "DDFFFFFF0100000000000009"
  qty: 1
  referenceNo: "658"
  orderId: "446634a5-bd08-4daa-b11e-1d904c523a10"
  type: "Invoice Item"
  sourceId: "2c12882c-6686-4b10-9d6f-08a681211b96"
  Assets:CurrentAssets:AccountReceivable
  referenceNo: "658"
  orderId: "446634a5-bd08-4daa-b11e-1d904c523a10"
  type: "Invoice"
  sourceId: "446634a5-bd08-4daa-b11e-1d904c523a10"
  contact: "852 62244993 () [fb9ae1b4-9eca-49c0-91ed-1c1be0e96949]"
2024-04-13 * "Assets:CurrentAssets:Cash:CashInHand" "Invoice Payment for Invoice #658 #67827699-5f1c-42fa-ae69-31520d01f562"
  Assets:CurrentAssets:Cash:CashInHand 6500.00 HKD
  type: "Invoice Payment"
  sourceId: "67827699-5f1c-42fa-ae69-31520d01f562"
  referenceNo: "658"
  orderId: "446634a5-bd08-4daa-b11e-1d904c523a10"
  Assets:CurrentAssets:AccountReceivable -6500.00 HKD
  type: "Invoice Payment"
  sourceId: "67827699-5f1c-42fa-ae69-31520d01f562"
  referenceNo: "658"
  orderId: "446634a5-bd08-4daa-b11e-1d904c523a10"
  contact: "852 62244993 () [fb9ae1b4-9eca-49c0-91ed-1c1be0e96949]"
2024-04-16 * "Invoice #824 改介子Size 15.5-14 Ref inv#658 bill #966"
  Income:Sales:SalesItem:Sell-ForProcess交外廠加工 -0.00 HKD
  category: "Other"
  sku: "Processing 049"
  qty: 1
  referenceNo: "824"
  orderId: "0269568b-20a7-443b-9274-3a7650524220"
  type: "Invoice Item"
  sourceId: "78f645cb-4f89-4cec-88dd-73617ee5b4a2"
  Assets:CurrentAssets:AccountReceivable
  referenceNo: "824"
  orderId: "0269568b-20a7-443b-9274-3a7650524220"
  type: "Invoice"
  sourceId: "0269568b-20a7-443b-9274-3a7650524220"
  contact: "852 62244993 () [fb9ae1b4-9eca-49c0-91ed-1c1be0e96949]"
2024-04-16 * "Invoice #409 PRESSURE WORK - MS JACKIE (AA40007)"
  Income:Sales:SalesItem:SellDiamond -4500.00 HKD
  category: "Natural Diamond"
  sku: "LG624426025"
  qty: 1
  referenceNo: "409"
  orderId: "381a9b83-891b-4ad1-9431-c90add021fee"
  type: "Invoice Item"
  sourceId: "9fb566c2-2266-4fc2-b734-8135e97a1c46"
  Assets:CurrentAssets:AccountReceivable
  referenceNo: "409"
  orderId: "381a9b83-891b-4ad1-9431-c90add021fee"
  type: "Invoice"
  sourceId: "381a9b83-891b-4ad1-9431-c90add021fee"
  contact: "880 802 (Walkin) [42348712-7daa-4c29-93b7-756b472429a4]"
2024-04-16 * "Bill #967 EX/31/2024-25 LAB GROWN DIA (USD 440)"
  referenceNo: "967"
  orderId: "2be15858-262a-4ef5-b2d1-38539c474bc5"
  type: "Bill"
  Expenses:GeneralExpense:BankFeesExpense 55.00 HKD
  qty: "1"
  description: "BANK FEE"
  referenceNo: "967"
  orderId: "2be15858-262a-4ef5-b2d1-38539c474bc5"
  type: "Bill Item"
  sourceId: "1859bebf-791c-46e8-b24b-731e97e80357"
  Expenses:CostOfSales:Purchase:PurchaseItem:BuyDiamond 3454.04 HKD
  category: "Natural Diamond"
  sku: "LG624426025"
  qty: 1
  referenceNo: "967"
  orderId: "2be15858-262a-4ef5-b2d1-38539c474bc5"
  type: "Bill Item"
  sourceId: "8aa9a60d-9554-4b3d-8380-94daf7c8ca40"
  Liabilities:CurrentLiabilities:AccountPayable
  referenceNo: "967"
  orderId: "2be15858-262a-4ef5-b2d1-38539c474bc5"
  type: "Bill"
  sourceId: "2be15858-262a-4ef5-b2d1-38539c474bc5"
  contact: " 53088104 (SUPERIOREXPORTS(HK)LIMITED) [72e176b3-79d1-46d7-9b51-7f40ef6cbb85]"
2024-04-16 * "Bill #968 INV 240416 (SHIRLEY 來料鑲鑽) 沒找到invoice單"
  referenceNo: "968"
  orderId: "59eba2f1-740d-483e-9814-d548e7c9f9d5"
  type: "Bill"
  Expenses:CostOfSales:Purchase:PurchaseItem:BuyCost-ProcessingFee 3700.00 HKD
  category: "Other"
  sku: "Processing 052"
  qty: 1
  referenceNo: "968"
  orderId: "59eba2f1-740d-483e-9814-d548e7c9f9d5"
  type: "Bill Item"
  sourceId: "9d9cb368-c9a1-4fc8-b883-f617657dc25c"
  Liabilities:CurrentLiabilities:AccountPayable
  referenceNo: "968"
  orderId: "59eba2f1-740d-483e-9814-d548e7c9f9d5"
  type: "Bill"
  sourceId: "59eba2f1-740d-483e-9814-d548e7c9f9d5"
  contact: "998 12345740 (PRESSUREWORKDESIGNCONSULTANTS) [205398a5-a6c5-4a09-938a-7308f6334f41]"
2024-04-16 * "Bill #966 改介子Size 15.5-14 Ref inv#658 "
  referenceNo: "966"
  orderId: "24e33da8-790d-4593-8413-41f7a7d856b1"
  type: "Bill"
  Expenses:CostOfSales:Purchase:PurchaseItem:BuyCost-ProcessingFee 250.00 HKD
  category: "Other"
  sku: "Processing 049"
  qty: 1
  referenceNo: "966"
  orderId: "24e33da8-790d-4593-8413-41f7a7d856b1"
  type: "Bill Item"
  sourceId: "b28458fa-498d-4d83-975a-194f0b09df20"
  Liabilities:CurrentLiabilities:AccountPayable
  referenceNo: "966"
  orderId: "24e33da8-790d-4593-8413-41f7a7d856b1"
  type: "Bill"
  sourceId: "24e33da8-790d-4593-8413-41f7a7d856b1"
  contact: "852 96221974 (強哥首飾加工師傅) [cef6a8eb-0892-4a7c-bfdc-328752af4fd5]"
2024-04-16 * "Assets:CurrentAssets:Cash:CashInHand" "Invoice Payment for Invoice #409 #53fe8d97-ad93-4db0-95dc-688b21c1b833"
  Assets:CurrentAssets:Cash:CashInHand 4500.00 HKD
  type: "Invoice Payment"
  sourceId: "53fe8d97-ad93-4db0-95dc-688b21c1b833"
  referenceNo: "409"
  orderId: "381a9b83-891b-4ad1-9431-c90add021fee"
  Assets:CurrentAssets:AccountReceivable -4500.00 HKD
  type: "Invoice Payment"
  sourceId: "53fe8d97-ad93-4db0-95dc-688b21c1b833"
  referenceNo: "409"
  orderId: "381a9b83-891b-4ad1-9431-c90add021fee"
  contact: "880 802 (Walkin) [42348712-7daa-4c29-93b7-756b472429a4]"
2024-04-16 * "852 96221974 (強哥首飾加工師傅) [cef6a8eb-0892-4a7c-bfdc-328752af4fd5]" "Bill Payment for Bill #966 #771d5789-573a-4f89-810c-155e3d20710f"
  Liabilities:CurrentLiabilities:AccountPayable 250.00 HKD
  contact: "852 96221974 (強哥首飾加工師傅) [cef6a8eb-0892-4a7c-bfdc-328752af4fd5]"
  type: "Bill Payment"
  sourceId: "771d5789-573a-4f89-810c-155e3d20710f"
  referenceNo: "966"
  orderId: "24e33da8-790d-4593-8413-41f7a7d856b1"
  Assets:CurrentAssets:Cash:CashInHand -250.00 HKD
  type: "Bill Payment"
  sourceId: "771d5789-573a-4f89-810c-155e3d20710f"
  referenceNo: "966"
  orderId: "24e33da8-790d-4593-8413-41f7a7d856b1"
2024-04-17 * "Invoice #395 Elma 朋友"
  Income:Sales:SalesItem:SellGoldJewelry -13505.00 HKD
  category: "Gold Jewelry"
  sku: "DD2310200000000000000216"
  qty: 1
  referenceNo: "395"
  orderId: "e45efed2-ba1e-45c1-b55f-f45df832ccd2"
  type: "Invoice Item"
  sourceId: "7f4bd4cf-6a49-4006-b146-feb0630d74a8"
  Assets:CurrentAssets:AccountReceivable
  referenceNo: "395"
  orderId: "e45efed2-ba1e-45c1-b55f-f45df832ccd2"
  type: "Invoice"
  sourceId: "e45efed2-ba1e-45c1-b55f-f45df832ccd2"
  contact: "998 12345751 (SALES#0003ELMA) [28639a2d-ee79-48b0-96d2-4f5df20780ae]"
2024-04-17 * "Assets:CurrentAssets:Bank:KpayBank" "Invoice Payment for Invoice #395 #ffedb5e0-d319-4649-9db7-704912b6006e"
  Assets:CurrentAssets:Bank:KpayBank 13505.00 HKD
  type: "Invoice Payment"
  sourceId: "ffedb5e0-d319-4649-9db7-704912b6006e"
  referenceNo: "395"
  orderId: "e45efed2-ba1e-45c1-b55f-f45df832ccd2"
  Assets:CurrentAssets:AccountReceivable -13505.00 HKD
  type: "Invoice Payment"
  sourceId: "ffedb5e0-d319-4649-9db7-704912b6006e"
  referenceNo: "395"
  orderId: "e45efed2-ba1e-45c1-b55f-f45df832ccd2"
  contact: "998 12345751 (SALES#0003ELMA) [28639a2d-ee79-48b0-96d2-4f5df20780ae]"
2024-04-18 * "Bill #1029 G17電費(2024-3月)"
  referenceNo: "1029"
  orderId: "b30fcbea-24a0-409b-b722-a1f93d3ed195"
  type: "Bill"
  Liabilities:CurrentLiabilities:AccruedExpenses 2017.00 HKD
  qty: "1"
  description: "G17電費(2024-3月)"
  referenceNo: "1029"
  orderId: "b30fcbea-24a0-409b-b722-a1f93d3ed195"
  type: "Bill Item"
  sourceId: "52de4359-a295-41df-bcb9-4d7edb006274"
  Liabilities:CurrentLiabilities:AccountPayable
  referenceNo: "1029"
  orderId: "b30fcbea-24a0-409b-b722-a1f93d3ed195"
  type: "Bill"
  sourceId: "b30fcbea-24a0-409b-b722-a1f93d3ed195"
  contact: "880 806 () [53b8789a-4451-4a1f-84f7-a9c5da7ada1a]"
2024-04-18 * " 53088104 (SUPERIOREXPORTS(HK)LIMITED) [72e176b3-79d1-46d7-9b51-7f40ef6cbb85]" "Bill Payment for Bill #967 #66521e75-4c64-43cc-8df4-cf779510fdcb"
  Liabilities:CurrentLiabilities:AccountPayable 3454.04 HKD
  contact: " 53088104 (SUPERIOREXPORTS(HK)LIMITED) [72e176b3-79d1-46d7-9b51-7f40ef6cbb85]"
  type: "Bill Payment"
  sourceId: "66521e75-4c64-43cc-8df4-cf779510fdcb"
  referenceNo: "967"
  orderId: "2be15858-262a-4ef5-b2d1-38539c474bc5"
  Assets:CurrentAssets:Bank:BocSavingBank -3454.04 HKD
  type: "Bill Payment"
  sourceId: "66521e75-4c64-43cc-8df4-cf779510fdcb"
  referenceNo: "967"
  orderId: "2be15858-262a-4ef5-b2d1-38539c474bc5"
2024-04-18 * " 53088104 (SUPERIOREXPORTS(HK)LIMITED) [72e176b3-79d1-46d7-9b51-7f40ef6cbb85]" "Bill Payment for Bill #967 #f2fd3e61-00fd-45d4-a56d-533c541c4da8"
  Liabilities:CurrentLiabilities:AccountPayable 55.00 HKD
  contact: " 53088104 (SUPERIOREXPORTS(HK)LIMITED) [72e176b3-79d1-46d7-9b51-7f40ef6cbb85]"
  type: "Bill Payment"
  sourceId: "f2fd3e61-00fd-45d4-a56d-533c541c4da8"
  referenceNo: "967"
  orderId: "2be15858-262a-4ef5-b2d1-38539c474bc5"
  Assets:CurrentAssets:Bank:BocSavingBank -55.00 HKD
  type: "Bill Payment"
  sourceId: "f2fd3e61-00fd-45d4-a56d-533c541c4da8"
  referenceNo: "967"
  orderId: "2be15858-262a-4ef5-b2d1-38539c474bc5"
2024-04-18 * "998 12345740 (PRESSUREWORKDESIGNCONSULTANTS) [205398a5-a6c5-4a09-938a-7308f6334f41]" "Bill Payment for Bill #968 #b250b8ba-8280-40dd-a999-93c4b0d77eb2"
  Liabilities:CurrentLiabilities:AccountPayable 3700.00 HKD
  contact: "998 12345740 (PRESSUREWORKDESIGNCONSULTANTS) [205398a5-a6c5-4a09-938a-7308f6334f41]"
  type: "Bill Payment"
  sourceId: "b250b8ba-8280-40dd-a999-93c4b0d77eb2"
  referenceNo: "968"
  orderId: "59eba2f1-740d-483e-9814-d548e7c9f9d5"
  Assets:CurrentAssets:Cash:CashInHand -3700.00 HKD
  type: "Bill Payment"
  sourceId: "b250b8ba-8280-40dd-a999-93c4b0d77eb2"
  referenceNo: "968"
  orderId: "59eba2f1-740d-483e-9814-d548e7c9f9d5"
2024-04-18 * "Invoice #393 STAFF SALES - SAMANTHA"
  Income:Sales:SalesItem:SellGoldJewelry -1800.00 HKD
  category: "Gold Jewelry"
  sku: "DD2310200000000000000089"
  qty: 1
  referenceNo: "393"
  orderId: "67c15b2d-83eb-4c24-a928-c3ffdb430928"
  type: "Invoice Item"
  sourceId: "2413316e-bd52-43dc-a806-b618568a9cc2"
  Assets:CurrentAssets:AccountReceivable
  referenceNo: "393"
  orderId: "67c15b2d-83eb-4c24-a928-c3ffdb430928"
  type: "Invoice"
  sourceId: "67c15b2d-83eb-4c24-a928-c3ffdb430928"
  contact: "852 66276697 ((MW)MS.TANGSAMANTHA) [c84aeab0-e851-4d1f-9910-0629d505ab62]"
2024-04-18 * "Invoice #394 STAFF SALES - SAMANTHA"
  Income:Sales:SalesItem:Sell18kJewelry -0.00 HKD
  category: "Jewelry"
  sku: "HM000003"
  qty: 1
  referenceNo: "394"
  orderId: "de163e3e-bce4-4e45-ad28-0bc547d8f8d5"
  type: "Invoice Item"
  sourceId: "e5d3e101-13e4-4a91-90e5-34c3f115b2d7"
  Income:Sales:SalesItem:SellGoldJewelry -1200.00 HKD
  category: "Gold Jewelry"
  sku: "DDFF2305170A000000000013"
  qty: 1
  referenceNo: "394"
  orderId: "de163e3e-bce4-4e45-ad28-0bc547d8f8d5"
  type: "Invoice Item"
  sourceId: "71612875-bdf5-47ec-a385-5c7cad6cf3fa"
  Income:Sales:SalesItem:SellGoldJewelry -800.00 HKD
  category: "Gold Jewelry"
  sku: "DDFF2305120A000000000014"
  qty: 1
  referenceNo: "394"
  orderId: "de163e3e-bce4-4e45-ad28-0bc547d8f8d5"
  type: "Invoice Item"
  sourceId: "c4cfc014-bd80-4e81-abd7-fe2064bbfcfa"
  Assets:CurrentAssets:AccountReceivable
  referenceNo: "394"
  orderId: "de163e3e-bce4-4e45-ad28-0bc547d8f8d5"
  type: "Invoice"
  sourceId: "de163e3e-bce4-4e45-ad28-0bc547d8f8d5"
  contact: "852 66276697 ((MW)MS.TANGSAMANTHA) [c84aeab0-e851-4d1f-9910-0629d505ab62]"
2024-04-18 * "Assets:CurrentAssets:Bank:BocSavingBank" "Invoice Payment for Invoice #393 #be174fc7-0d4a-4c3e-a9a8-c3fd82def152"
  Assets:CurrentAssets:Bank:BocSavingBank 1800.00 HKD
  type: "Invoice Payment"
  sourceId: "be174fc7-0d4a-4c3e-a9a8-c3fd82def152"
  referenceNo: "393"
  orderId: "67c15b2d-83eb-4c24-a928-c3ffdb430928"
  Assets:CurrentAssets:AccountReceivable -1800.00 HKD
  type: "Invoice Payment"
  sourceId: "be174fc7-0d4a-4c3e-a9a8-c3fd82def152"
  referenceNo: "393"
  orderId: "67c15b2d-83eb-4c24-a928-c3ffdb430928"
  contact: "852 66276697 ((MW)MS.TANGSAMANTHA) [c84aeab0-e851-4d1f-9910-0629d505ab62]"
2024-04-18 * "Assets:CurrentAssets:Bank:BocSavingBank" "Invoice Payment for Invoice #394 #3bdb59e3-88c8-46f8-b657-481eb1bd9752"
  Assets:CurrentAssets:Bank:BocSavingBank 2000.00 HKD
  type: "Invoice Payment"
  sourceId: "3bdb59e3-88c8-46f8-b657-481eb1bd9752"
  referenceNo: "394"
  orderId: "de163e3e-bce4-4e45-ad28-0bc547d8f8d5"
  Assets:CurrentAssets:AccountReceivable -2000.00 HKD
  type: "Invoice Payment"
  sourceId: "3bdb59e3-88c8-46f8-b657-481eb1bd9752"
  referenceNo: "394"
  orderId: "de163e3e-bce4-4e45-ad28-0bc547d8f8d5"
  contact: "852 66276697 ((MW)MS.TANGSAMANTHA) [c84aeab0-e851-4d1f-9910-0629d505ab62]"
2024-04-19 * "Bill #974 kpay129"
  referenceNo: "974"
  orderId: "800cdc63-4ccf-4bad-a0e2-f923ea4b161b"
  type: "Bill"
  Expenses:GeneralExpense:CardFeeExpense 203.58 HKD
  qty: "1"
  description: "13505 - 13301.42 = 203.58"
  referenceNo: "974"
  orderId: "800cdc63-4ccf-4bad-a0e2-f923ea4b161b"
  type: "Bill Item"
  sourceId: "6070a12b-0f77-40dd-ac34-c7c9ff087ce4"
  Liabilities:CurrentLiabilities:AccountPayable
  referenceNo: "974"
  orderId: "800cdc63-4ccf-4bad-a0e2-f923ea4b161b"
  type: "Bill"
  sourceId: "800cdc63-4ccf-4bad-a0e2-f923ea4b161b"
  contact: "998 12345821 (KPAY) [5a706f32-7edc-48d8-ae47-62fee1e8bba1]"
2024-04-19 * "Bill #970 Refining fee for 6kg gold bar (INV 590272458 / 590272333)"
  referenceNo: "970"
  orderId: "54ba2c33-4e1c-4e9b-aced-4963cd6c6f55"
  type: "Bill"
  Expenses:GeneralExpense:BankFeesExpense 55.00 HKD
  qty: "1"
  description: "BANK FEE"
  referenceNo: "970"
  orderId: "54ba2c33-4e1c-4e9b-aced-4963cd6c6f55"
  type: "Bill Item"
  sourceId: "ab2d9d43-6612-4d8c-9f62-565a22076baf"
  Expenses:OtherExpenses:RefiningExpense金 908.65 HKD
  qty: "1"
  description: "Refining fee for 6000g (cost at usd 19.29/kg) -- usd 115.74 (INV 590272333)"
  referenceNo: "970"
  orderId: "54ba2c33-4e1c-4e9b-aced-4963cd6c6f55"
  type: "Bill Item"
  sourceId: "bf1f4c15-9d05-409d-8ef8-64a716ba4c67"
  Expenses:OtherExpenses:RefiningExpense金 4848.66 HKD
  qty: "1"
  description: "Scrap Gold Discount Rate for 999.8%  (cost at 205.809 ozt)  for 6401.39 g -- usd 617.60  (cost at 205.809 ozt) (INV 590272458)"
  referenceNo: "970"
  orderId: "54ba2c33-4e1c-4e9b-aced-4963cd6c6f55"
  type: "Bill Item"
  sourceId: "6db5854e-8719-4153-b899-93b7826166cb"
  Liabilities:CurrentLiabilities:AccountPayable
  referenceNo: "970"
  orderId: "54ba2c33-4e1c-4e9b-aced-4963cd6c6f55"
  type: "Bill"
  sourceId: "54ba2c33-4e1c-4e9b-aced-4963cd6c6f55"
  contact: "852 25214131 (MetalorPreciousMetalsHongKongLimited) [15ad8699-ee98-44fa-a02a-90521ca3ff05]"
2024-04-19 * "Bill #1471 (15/04-19/04)1week 427kg*8= 3416usdt"
  referenceNo: "1471"
  orderId: "97a3422f-9499-4a14-aba1-0f9176d00f81"
  type: "Bill"
  Expenses:GeneralExpense:MetalTransportationFee 3416.00 USDT
  qty: "427"
  description: ""
  referenceNo: "1471"
  orderId: "97a3422f-9499-4a14-aba1-0f9176d00f81"
  type: "Bill Item"
  sourceId: "39067eef-d01d-4ba8-86d6-ab2ad2af020a"
  Liabilities:CurrentLiabilities:AccountPayable
  referenceNo: "1471"
  orderId: "97a3422f-9499-4a14-aba1-0f9176d00f81"
  type: "Bill"
  sourceId: "97a3422f-9499-4a14-aba1-0f9176d00f81"
  contact: "82 10063988492 () [2d630467-4741-4a05-854d-e05b52b867d2]"
2024-04-19 * "82 10063988492 () [2d630467-4741-4a05-854d-e05b52b867d2]" "Bill Payment for Bill #1471 #abb2eaad-5e6c-4a8d-aa74-d5648e3cf4c1"
  Liabilities:CurrentLiabilities:AccountPayable 3416.00 USDT
  contact: "82 10063988492 () [2d630467-4741-4a05-854d-e05b52b867d2]"
  type: "Bill Payment"
  sourceId: "abb2eaad-5e6c-4a8d-aa74-d5648e3cf4c1"
  referenceNo: "1471"
  orderId: "97a3422f-9499-4a14-aba1-0f9176d00f81"
  Assets:CurrentAssets:Wallet:DkkCWallet金料 -3416.00 USDT
  type: "Bill Payment"
  sourceId: "abb2eaad-5e6c-4a8d-aa74-d5648e3cf4c1"
  referenceNo: "1471"
  orderId: "97a3422f-9499-4a14-aba1-0f9176d00f81"
2024-04-19 * "852 25214131 (MetalorPreciousMetalsHongKongLimited) [15ad8699-ee98-44fa-a02a-90521ca3ff05]" "Bill Payment for Bill #970 #2d113cd1-3f9d-457a-aaad-9726233319f3"
  Liabilities:CurrentLiabilities:AccountPayable 5757.31 HKD
  contact: "852 25214131 (MetalorPreciousMetalsHongKongLimited) [15ad8699-ee98-44fa-a02a-90521ca3ff05]"
  type: "Bill Payment"
  sourceId: "2d113cd1-3f9d-457a-aaad-9726233319f3"
  referenceNo: "970"
  orderId: "54ba2c33-4e1c-4e9b-aced-4963cd6c6f55"
  Assets:CurrentAssets:Bank:BocSavingBank -5757.31 HKD
  type: "Bill Payment"
  sourceId: "2d113cd1-3f9d-457a-aaad-9726233319f3"
  referenceNo: "970"
  orderId: "54ba2c33-4e1c-4e9b-aced-4963cd6c6f55"
2024-04-19 * "852 25214131 (MetalorPreciousMetalsHongKongLimited) [15ad8699-ee98-44fa-a02a-90521ca3ff05]" "Bill Payment for Bill #970 #0223d157-5c81-4b12-bacc-3edce5b51b98"
  Liabilities:CurrentLiabilities:AccountPayable 55.00 HKD
  contact: "852 25214131 (MetalorPreciousMetalsHongKongLimited) [15ad8699-ee98-44fa-a02a-90521ca3ff05]"
  type: "Bill Payment"
  sourceId: "0223d157-5c81-4b12-bacc-3edce5b51b98"
  referenceNo: "970"
  orderId: "54ba2c33-4e1c-4e9b-aced-4963cd6c6f55"
  Assets:CurrentAssets:Bank:BocSavingBank -55.00 HKD
  type: "Bill Payment"
  sourceId: "0223d157-5c81-4b12-bacc-3edce5b51b98"
  referenceNo: "970"
  orderId: "54ba2c33-4e1c-4e9b-aced-4963cd6c6f55"
2024-04-19 * "998 12345821 (KPAY) [5a706f32-7edc-48d8-ae47-62fee1e8bba1]" "Bill Payment for Bill #974 #2ff837c8-ea95-4df5-b09b-a16b413969f7"
  Liabilities:CurrentLiabilities:AccountPayable 203.58 HKD
  contact: "998 12345821 (KPAY) [5a706f32-7edc-48d8-ae47-62fee1e8bba1]"
  type: "Bill Payment"
  sourceId: "2ff837c8-ea95-4df5-b09b-a16b413969f7"
  referenceNo: "974"
  orderId: "800cdc63-4ccf-4bad-a0e2-f923ea4b161b"
  Assets:CurrentAssets:Bank:KpayBank -203.58 HKD
  type: "Bill Payment"
  sourceId: "2ff837c8-ea95-4df5-b09b-a16b413969f7"
  referenceNo: "974"
  orderId: "800cdc63-4ccf-4bad-a0e2-f923ea4b161b"
2024-04-20 * "Invoice #397 TOUR"
  Income:Sales:SalesItem:SellGoldJewelry -2018.00 HKD
  category: "Gold Jewelry"
  sku: "DD2310200000000000000117"
  qty: 1
  referenceNo: "397"
  orderId: "72bb6f67-d636-45be-89e6-3699d7d972b7"
  type: "Invoice Item"
  sourceId: "83008921-17bb-45bb-88bd-f788aba0aa0c"
  Assets:CurrentAssets:AccountReceivable
  referenceNo: "397"
  orderId: "72bb6f67-d636-45be-89e6-3699d7d972b7"
  type: "Invoice"
  sourceId: "72bb6f67-d636-45be-89e6-3699d7d972b7"
  contact: "880 802 (Walkin) [42348712-7daa-4c29-93b7-756b472429a4]"
2024-04-20 * "Invoice #396 STAFF SALES - ELMA"
  Income:Sales:SalesItem:SellGoldJewelry -1550.00 HKD
  category: "Gold Jewelry"
  sku: "DD2310200000000000000036"
  qty: 1
  referenceNo: "396"
  orderId: "60d8941e-fde1-4ac3-bc8b-41a15675c121"
  type: "Invoice Item"
  sourceId: "4d661c80-a77c-4c78-9724-b739ff95c14c"
  Assets:CurrentAssets:AccountReceivable
  referenceNo: "396"
  orderId: "60d8941e-fde1-4ac3-bc8b-41a15675c121"
  type: "Invoice"
  sourceId: "60d8941e-fde1-4ac3-bc8b-41a15675c121"
  contact: "998 12345751 (SALES#0003ELMA) [28639a2d-ee79-48b0-96d2-4f5df20780ae]"
2024-04-20 * "Assets:CurrentAssets:Bank:KpayBank" "Invoice Payment for Invoice #397 #9600d2d7-ef0b-4747-8078-adb73668c76f"
  Assets:CurrentAssets:Bank:KpayBank 2018.00 HKD
  type: "Invoice Payment"
  sourceId: "9600d2d7-ef0b-4747-8078-adb73668c76f"
  referenceNo: "397"
  orderId: "72bb6f67-d636-45be-89e6-3699d7d972b7"
  Assets:CurrentAssets:AccountReceivable -2018.00 HKD
  type: "Invoice Payment"
  sourceId: "9600d2d7-ef0b-4747-8078-adb73668c76f"
  referenceNo: "397"
  orderId: "72bb6f67-d636-45be-89e6-3699d7d972b7"
  contact: "880 802 (Walkin) [42348712-7daa-4c29-93b7-756b472429a4]"
2024-04-20 * "Assets:CurrentAssets:Cash:CashInHand" "Invoice Payment for Invoice #396 #ca7139fb-7982-4360-80e8-475cd3766d52"
  Assets:CurrentAssets:Cash:CashInHand 1550.00 HKD
  type: "Invoice Payment"
  sourceId: "ca7139fb-7982-4360-80e8-475cd3766d52"
  referenceNo: "396"
  orderId: "60d8941e-fde1-4ac3-bc8b-41a15675c121"
  Assets:CurrentAssets:AccountReceivable -1550.00 HKD
  type: "Invoice Payment"
  sourceId: "ca7139fb-7982-4360-80e8-475cd3766d52"
  referenceNo: "396"
  orderId: "60d8941e-fde1-4ac3-bc8b-41a15675c121"
  contact: "998 12345751 (SALES#0003ELMA) [28639a2d-ee79-48b0-96d2-4f5df20780ae]"
2024-04-22 * "Invoice #809 Mary金粒換金豬 (金粒直交到MW Gold)"
  Assets:CurrentAssets:ShopInventory:GoldJewelry -5803.48 HKD
  category: "Gold Jewelry"
  sku: "DDFF23112403000000000001"
  qty: 1
  referenceNo: "809"
  orderId: "a75b93a4-44dd-48f2-947d-17dd7ce73212"
  type: "Invoice Item"
  sourceId: "01486433-7a69-44d9-a8e6-baf70dc155d2"
  Assets:CurrentAssets:AccountReceivable
  referenceNo: "809"
  orderId: "a75b93a4-44dd-48f2-947d-17dd7ce73212"
  type: "Invoice"
  sourceId: "a75b93a4-44dd-48f2-947d-17dd7ce73212"
  contact: "852 66233965 () [06168dfc-3066-487a-bc6e-4d561c812ac9]"
2024-04-22 * "Liabilities:CurrentLiabilities:CurrentAccount:C-a-MilrichElectronicsHkCoLtd" "Invoice Payment for Invoice #809 #5aea4adb-bfbb-4679-88bc-f6f55f5cf92f"
  Liabilities:CurrentLiabilities:CurrentAccount:C-a-MilrichElectronicsHkCoLtd 5803.48 HKD
  type: "Invoice Payment"
  sourceId: "5aea4adb-bfbb-4679-88bc-f6f55f5cf92f"
  referenceNo: "809"
  orderId: "a75b93a4-44dd-48f2-947d-17dd7ce73212"
  Assets:CurrentAssets:AccountReceivable -5803.48 HKD
  type: "Invoice Payment"
  sourceId: "5aea4adb-bfbb-4679-88bc-f6f55f5cf92f"
  referenceNo: "809"
  orderId: "a75b93a4-44dd-48f2-947d-17dd7ce73212"
  contact: "852 66233965 () [06168dfc-3066-487a-bc6e-4d561c812ac9]"
2024-04-23 * "Invoice #400 SHIRLEY 自用 (入成本消數-HKD)"
  Income:Sales:SalesItem:Sell18kJewelry -2600.00 HKD
  category: "Jewelry"
  sku: "DD2404100000000000000011"
  qty: 1
  referenceNo: "400"
  orderId: "bdbc9b47-c966-4038-bac2-f01b867483a4"
  type: "Invoice Item"
  sourceId: "55fbf991-ac4c-4b65-b7c7-e0c0edbb72f3"
  Income:Sales:SalesItem:Sell18kJewelry -3276.00 HKD
  category: "Jewelry"
  sku: "DD2404260000000000000030"
  qty: 1
  referenceNo: "400"
  orderId: "bdbc9b47-c966-4038-bac2-f01b867483a4"
  type: "Invoice Item"
  sourceId: "3a75165a-a0ab-4aff-9a42-42a090c588ad"
  Income:Sales:SalesItem:Sell18kJewelry -10920.00 HKD
  category: "Jewelry"
  sku: "DD2404100000000000000015"
  qty: 1
  referenceNo: "400"
  orderId: "bdbc9b47-c966-4038-bac2-f01b867483a4"
  type: "Invoice Item"
  sourceId: "afdf503b-ffaf-4a17-814b-8461ee3d46eb"
  Income:Sales:SalesItem:Sell18kJewelry -4940.00 HKD
  category: "Jewelry"
  sku: "DD2404260000000000000023"
  qty: 1
  referenceNo: "400"
  orderId: "bdbc9b47-c966-4038-bac2-f01b867483a4"
  type: "Invoice Item"
  sourceId: "5524f867-acc2-498e-8e89-a6be469bce7b"
  Income:Sales:SalesItem:Sell18kJewelry -4804.00 HKD
  category: "Jewelry"
  sku: "DD2404260000000000000024"
  qty: 1
  referenceNo: "400"
  orderId: "bdbc9b47-c966-4038-bac2-f01b867483a4"
  type: "Invoice Item"
  sourceId: "f5c4bbe0-2be2-4932-8da1-df93a9cbcce8"
  Assets:CurrentAssets:AccountReceivable
  referenceNo: "400"
  orderId: "bdbc9b47-c966-4038-bac2-f01b867483a4"
  type: "Invoice"
  sourceId: "bdbc9b47-c966-4038-bac2-f01b867483a4"
  contact: "998 12345708 (DavidKwan(Director)) [02ab8da0-959b-440e-9733-c02eab1b0288]"
2024-04-23 * "Invoice #398 SHIRLEY 自用 (入成本消數-CNY)"
  Income:Sales:SalesItem:SellBespokeorotherFee -0.00 CNY
  description: "(Move to INV596) R2494 PT900 PEARL AND DIAMONDS RING Pearl 1P 11.7MM D 0.35CT #18.5"
  qty: 0
  referenceNo: "398"
  orderId: "65fc4105-0a98-4eeb-8cd2-1075596ccccf"
  type: "Invoice Item"
  sourceId: "1364854f-b253-43a7-a8dd-3f27ba6b78e6"
  Income:Sales:SalesItem:SellBespokeorotherFee -0.00 CNY
  description: "(Move to INV596) E2451 PT900 DIAMONDS EARRINGS Diamond 2D 0.60CT "
  qty: 0
  referenceNo: "398"
  orderId: "65fc4105-0a98-4eeb-8cd2-1075596ccccf"
  type: "Invoice Item"
  sourceId: "919e3565-cb66-438c-a795-e28d9c9a5d5f"
  Income:Sales:SalesItem:Sell-ForProcess交外廠加工 -687.69 CNY
  category: "Gold Jewelry"
  sku: "DD2310200000000000000077"
  qty: 1
  referenceNo: "398"
  orderId: "65fc4105-0a98-4eeb-8cd2-1075596ccccf"
  type: "Invoice Item"
  sourceId: "c5515d18-9fec-423d-9a68-62997524e4ea"
  Income:Sales:SalesItem:Sell-ForProcess交外廠加工 -2157.64 CNY
  category: "Gold Jewelry"
  sku: "DD2310200000000000000142"
  qty: 1
  referenceNo: "398"
  orderId: "65fc4105-0a98-4eeb-8cd2-1075596ccccf"
  type: "Invoice Item"
  sourceId: "5633eaa9-9a7d-4b7b-9ee2-4e76abe10c42"
  Assets:CurrentAssets:AccountReceivable
  referenceNo: "398"
  orderId: "65fc4105-0a98-4eeb-8cd2-1075596ccccf"
  type: "Invoice"
  sourceId: "65fc4105-0a98-4eeb-8cd2-1075596ccccf"
  contact: "998 12345708 (DavidKwan(Director)) [02ab8da0-959b-440e-9733-c02eab1b0288]"
2024-04-23 * "Bill #975 kpay130"
  referenceNo: "975"
  orderId: "e4da8fa5-891c-406d-866b-92bdfaa24bbf"
  type: "Bill"
  Expenses:GeneralExpense:CardFeeExpense 25.22 HKD
  qty: "1"
  description: "2018 - 1992.78 = 25.22"
  referenceNo: "975"
  orderId: "e4da8fa5-891c-406d-866b-92bdfaa24bbf"
  type: "Bill Item"
  sourceId: "7bfa206a-35db-4ecd-833b-9a2227a6d6b3"
  Liabilities:CurrentLiabilities:AccountPayable
  referenceNo: "975"
  orderId: "e4da8fa5-891c-406d-866b-92bdfaa24bbf"
  type: "Bill"
  sourceId: "e4da8fa5-891c-406d-866b-92bdfaa24bbf"
  contact: "998 12345821 (KPAY) [5a706f32-7edc-48d8-ae47-62fee1e8bba1]"
2024-04-23 * "Bill #984 G17 05月2024 租金"
  referenceNo: "984"
  orderId: "33a77215-b810-4a66-b5f9-7b1ad10c6970"
  type: "Bill"
  Expenses:GeneralExpense:Rent 48000.00 HKD
  qty: "1"
  description: "G17 05月2024 租金"
  referenceNo: "984"
  orderId: "33a77215-b810-4a66-b5f9-7b1ad10c6970"
  type: "Bill Item"
  sourceId: "4996b907-7a64-4318-82d6-531b1d5906b9"
  Liabilities:CurrentLiabilities:AccountPayable
  referenceNo: "984"
  orderId: "33a77215-b810-4a66-b5f9-7b1ad10c6970"
  type: "Bill"
  sourceId: "33a77215-b810-4a66-b5f9-7b1ad10c6970"
  contact: "880 806 () [53b8789a-4451-4a1f-84f7-a9c5da7ada1a]"
2024-04-23 * "Liabilities:CurrentLiabilities:CurrentAccount:C-a-DirectorDavidKwan" "Invoice Payment for Invoice #398 #e59cae27-5770-40b6-8ae4-8a219703722b"
  Liabilities:CurrentLiabilities:CurrentAccount:C-a-DirectorDavidKwan 2845.33 CNY
  type: "Invoice Payment"
  sourceId: "e59cae27-5770-40b6-8ae4-8a219703722b"
  referenceNo: "398"
  orderId: "65fc4105-0a98-4eeb-8cd2-1075596ccccf"
  Assets:CurrentAssets:AccountReceivable -2845.33 CNY
  type: "Invoice Payment"
  sourceId: "e59cae27-5770-40b6-8ae4-8a219703722b"
  referenceNo: "398"
  orderId: "65fc4105-0a98-4eeb-8cd2-1075596ccccf"
  contact: "998 12345708 (DavidKwan(Director)) [02ab8da0-959b-440e-9733-c02eab1b0288]"
2024-04-23 * "Liabilities:CurrentLiabilities:CurrentAccount:C-a-DirectorDavidKwan" "Invoice Payment for Invoice #400 #e4b7db67-55e5-4c38-9642-6f174f671f02"
  Liabilities:CurrentLiabilities:CurrentAccount:C-a-DirectorDavidKwan 26540.00 HKD
  type: "Invoice Payment"
  sourceId: "e4b7db67-55e5-4c38-9642-6f174f671f02"
  referenceNo: "400"
  orderId: "bdbc9b47-c966-4038-bac2-f01b867483a4"
  Assets:CurrentAssets:AccountReceivable -26540.00 HKD
  type: "Invoice Payment"
  sourceId: "e4b7db67-55e5-4c38-9642-6f174f671f02"
  referenceNo: "400"
  orderId: "bdbc9b47-c966-4038-bac2-f01b867483a4"
  contact: "998 12345708 (DavidKwan(Director)) [02ab8da0-959b-440e-9733-c02eab1b0288]"
2024-04-23 * "880 806 () [53b8789a-4451-4a1f-84f7-a9c5da7ada1a]" "Bill Payment for Bill #984 #c0e5efc5-4ae4-4c3e-8528-71edc9547de6"
  Liabilities:CurrentLiabilities:AccountPayable 48000.00 HKD
  contact: "880 806 () [53b8789a-4451-4a1f-84f7-a9c5da7ada1a]"
  type: "Bill Payment"
  sourceId: "c0e5efc5-4ae4-4c3e-8528-71edc9547de6"
  referenceNo: "984"
  orderId: "33a77215-b810-4a66-b5f9-7b1ad10c6970"
  Assets:CurrentAssets:Bank:BocCurrentBank -48000.00 HKD
  type: "Bill Payment"
  sourceId: "c0e5efc5-4ae4-4c3e-8528-71edc9547de6"
  referenceNo: "984"
  orderId: "33a77215-b810-4a66-b5f9-7b1ad10c6970"
2024-04-23 * "998 12345821 (KPAY) [5a706f32-7edc-48d8-ae47-62fee1e8bba1]" "Bill Payment for Bill #975 #f886cec6-d196-4f4d-bee1-0da936446651"
  Liabilities:CurrentLiabilities:AccountPayable 25.22 HKD
  contact: "998 12345821 (KPAY) [5a706f32-7edc-48d8-ae47-62fee1e8bba1]"
  type: "Bill Payment"
  sourceId: "f886cec6-d196-4f4d-bee1-0da936446651"
  referenceNo: "975"
  orderId: "e4da8fa5-891c-406d-866b-92bdfaa24bbf"
  Assets:CurrentAssets:Bank:KpayBank -25.22 HKD
  type: "Bill Payment"
  sourceId: "f886cec6-d196-4f4d-bee1-0da936446651"
  referenceNo: "975"
  orderId: "e4da8fa5-891c-406d-866b-92bdfaa24bbf"
2024-04-24 * "Bill #991 淘寶雜類 (24年4月) (paid by visa)"
  referenceNo: "991"
  orderId: "516cbc37-f96e-48b1-889a-cff2940886a6"
  type: "Bill"
  Liabilities:CurrentLiabilities:AccruedExpenses 78.00 HKD
  qty: "1"
  description: "Microsoft*Microsoft (3.26)"
  referenceNo: "991"
  orderId: "516cbc37-f96e-48b1-889a-cff2940886a6"
  type: "Bill Item"
  sourceId: "d665ae58-5efd-4485-9e10-527adf8ad6f4"
  Expenses:GeneralExpense:GeneralExpensesDirect 1156.18 HKD
  qty: "1"
  description: "對講机"
  referenceNo: "991"
  orderId: "516cbc37-f96e-48b1-889a-cff2940886a6"
  type: "Bill Item"
  sourceId: "cbb4eb01-2100-4524-a283-b48580ef53cc"
  Expenses:GeneralExpense:GeneralExpensesDirect 4246.10 HKD
  qty: "1"
  description: "淘寶雜類"
  referenceNo: "991"
  orderId: "516cbc37-f96e-48b1-889a-cff2940886a6"
  type: "Bill Item"
  sourceId: "f9b2e58c-b2a1-4d78-b029-3d178ce80f9b"
  Liabilities:CurrentLiabilities:AccountPayable
  referenceNo: "991"
  orderId: "516cbc37-f96e-48b1-889a-cff2940886a6"
  type: "Bill"
  sourceId: "516cbc37-f96e-48b1-889a-cff2940886a6"
  contact: "880 806 () [53b8789a-4451-4a1f-84f7-a9c5da7ada1a]"
2024-04-24 * "Bill #985 04月2024年MPF"
  referenceNo: "985"
  orderId: "71f7f0b7-9334-4863-9d4a-12e26703ab6b"
  type: "Bill"
  Expenses:GeneralExpense:Mpf 7100.00 HKD
  qty: "1"
  description: "04月2024年MPF"
  referenceNo: "985"
  orderId: "71f7f0b7-9334-4863-9d4a-12e26703ab6b"
  type: "Bill Item"
  sourceId: "ccb1b229-686b-4382-9fc4-cc5842a1ed34"
  Liabilities:CurrentLiabilities:AccountPayable
  referenceNo: "985"
  orderId: "71f7f0b7-9334-4863-9d4a-12e26703ab6b"
  type: "Bill"
  sourceId: "71f7f0b7-9334-4863-9d4a-12e26703ab6b"
  contact: "880 806 () [53b8789a-4451-4a1f-84f7-a9c5da7ada1a]"
2024-04-24 * "Bill #1041 REF NO.24X1L578 Net Japan"
  referenceNo: "1041"
  orderId: "65ebb0de-9684-4e8d-a482-c31a1cbe70b0"
  type: "Bill"
  Expenses:CostOfSales:Purchase:PurchaseItem:Buy18kJewelry 3702.00 HKD
  category: "Jewelry"
  sku: "DD2404260000000000000014"
  qty: 1
  referenceNo: "1041"
  orderId: "65ebb0de-9684-4e8d-a482-c31a1cbe70b0"
  type: "Bill Item"
  sourceId: "107aabac-dfd3-4ed3-bfe4-b3d5afe248ab"
  Expenses:CostOfSales:Purchase:PurchaseItem:Buy18kJewelry 5402.00 HKD
  category: "Jewelry"
  sku: "DD2404260000000000000005"
  qty: 1
  referenceNo: "1041"
  orderId: "65ebb0de-9684-4e8d-a482-c31a1cbe70b0"
  type: "Bill Item"
  sourceId: "7c61a16b-aa51-43cd-8999-b61cede73187"
  Expenses:CostOfSales:Purchase:PurchaseItem:Buy18kJewelry 32260.00 HKD
  category: "Jewelry"
  sku: "DD2404260000000000000007"
  qty: 1
  referenceNo: "1041"
  orderId: "65ebb0de-9684-4e8d-a482-c31a1cbe70b0"
  type: "Bill Item"
  sourceId: "708fae6e-409c-4823-91bd-697dda5ba992"
  Expenses:CostOfSales:Purchase:PurchaseItem:Buy18kJewelry 3775.00 HKD
  category: "Jewelry"
  sku: "DD2404260000000000000008"
  qty: 1
  referenceNo: "1041"
  orderId: "65ebb0de-9684-4e8d-a482-c31a1cbe70b0"
  type: "Bill Item"
  sourceId: "91e977e2-668b-47bd-a794-5fa10bb115e6"
  Expenses:CostOfSales:Purchase:PurchaseItem:Buy18kJewelry 6520.00 HKD
  category: "Jewelry"
  sku: "DD2404260000000000000004"
  qty: 1
  referenceNo: "1041"
  orderId: "65ebb0de-9684-4e8d-a482-c31a1cbe70b0"
  type: "Bill Item"
  sourceId: "4583a7f4-aa1b-4cde-9c91-35992cb5f005"
  Expenses:CostOfSales:Purchase:PurchaseItem:Buy18kJewelry 4290.00 HKD
  category: "Jewelry"
  sku: "DD2404260000000000000003"
  qty: 1
  referenceNo: "1041"
  orderId: "65ebb0de-9684-4e8d-a482-c31a1cbe70b0"
  type: "Bill Item"
  sourceId: "8bb49edb-1949-4c73-a1c4-0d57da64dbff"
  Expenses:CostOfSales:Purchase:PurchaseItem:Buy18kJewelry 4903.00 HKD
  category: "Jewelry"
  sku: "DD2404260000000000000019"
  qty: 1
  referenceNo: "1041"
  orderId: "65ebb0de-9684-4e8d-a482-c31a1cbe70b0"
  type: "Bill Item"
  sourceId: "47ab810e-e02c-4406-8e30-a4c8dedb6c38"
  Expenses:CostOfSales:Purchase:PurchaseItem:Buy18kJewelry 53612.00 HKD
  category: "Jewelry"
  sku: "DD2404260000000000000015"
  qty: 1
  referenceNo: "1041"
  orderId: "65ebb0de-9684-4e8d-a482-c31a1cbe70b0"
  type: "Bill Item"
  sourceId: "334be38a-10d1-4c05-b843-bc94a7d5b60c"
  Expenses:CostOfSales:Purchase:PurchaseItem:Buy18kJewelry 3634.00 HKD
  category: "Jewelry"
  sku: "DD2404260000000000000009"
  qty: 1
  referenceNo: "1041"
  orderId: "65ebb0de-9684-4e8d-a482-c31a1cbe70b0"
  type: "Bill Item"
  sourceId: "68b18fbb-4fb1-43d8-9b6e-80f6b726e2f9"
  Expenses:CostOfSales:Purchase:PurchaseItem:Buy18kJewelry 2808.00 HKD
  category: "Jewelry"
  sku: "DD2404260000000000000036"
  qty: 1
  referenceNo: "1041"
  orderId: "65ebb0de-9684-4e8d-a482-c31a1cbe70b0"
  type: "Bill Item"
  sourceId: "11691a0e-270a-4538-b573-e05e1b9c7e60"
  Expenses:CostOfSales:Purchase:PurchaseItem:Buy18kJewelry 3000.00 HKD
  category: "Jewelry"
  sku: "DD2404260000000000000037"
  qty: 1
  referenceNo: "1041"
  orderId: "65ebb0de-9684-4e8d-a482-c31a1cbe70b0"
  type: "Bill Item"
  sourceId: "74d57703-6864-49a3-a325-9241b8d18145"
  Expenses:CostOfSales:Purchase:PurchaseItem:Buy18kJewelry 3946.00 HKD
  category: "Jewelry"
  sku: "DD2404260000000000000041"
  qty: 1
  referenceNo: "1041"
  orderId: "65ebb0de-9684-4e8d-a482-c31a1cbe70b0"
  type: "Bill Item"
  sourceId: "2543cd65-7ed9-4da3-8d48-e4c90a94d45e"
  Expenses:CostOfSales:Purchase:PurchaseItem:Buy18kJewelry 5730.00 HKD
  category: "Jewelry"
  sku: "DD2404260000000000000039"
  qty: 1
  referenceNo: "1041"
  orderId: "65ebb0de-9684-4e8d-a482-c31a1cbe70b0"
  type: "Bill Item"
  sourceId: "8c2232ae-8f80-4f07-86da-b2fbe4db968b"
  Expenses:CostOfSales:Purchase:PurchaseItem:Buy18kJewelry 4373.00 HKD
  category: "Jewelry"
  sku: "DD2404260000000000000042"
  qty: 1
  referenceNo: "1041"
  orderId: "65ebb0de-9684-4e8d-a482-c31a1cbe70b0"
  type: "Bill Item"
  sourceId: "91f001fa-1989-4419-bdc7-14728eac4a39"
  Expenses:CostOfSales:Purchase:PurchaseItem:Buy18kJewelry 3603.00 HKD
  category: "Jewelry"
  sku: "DD2404260000000000000038"
  qty: 1
  referenceNo: "1041"
  orderId: "65ebb0de-9684-4e8d-a482-c31a1cbe70b0"
  type: "Bill Item"
  sourceId: "a44aa192-bc99-490a-a2a3-53cb209b611e"
  Expenses:CostOfSales:Purchase:PurchaseItem:Buy18kJewelry 2808.00 HKD
  category: "Jewelry"
  sku: "DD2404260000000000000031"
  qty: 1
  referenceNo: "1041"
  orderId: "65ebb0de-9684-4e8d-a482-c31a1cbe70b0"
  type: "Bill Item"
  sourceId: "e7b2bcb7-ae63-4b72-8f88-2e39f636a526"
  Expenses:CostOfSales:Purchase:PurchaseItem:Buy18kJewelry 14586.00 HKD
  category: "Jewelry"
  sku: "DD2404260000000000000033"
  qty: 1
  referenceNo: "1041"
  orderId: "65ebb0de-9684-4e8d-a482-c31a1cbe70b0"
  type: "Bill Item"
  sourceId: "58d04b19-c2c7-4ed2-b383-232e3507cceb"
  Expenses:CostOfSales:Purchase:PurchaseItem:Buy18kJewelry 4133.00 HKD
  category: "Jewelry"
  sku: "DD2404260000000000000032"
  qty: 1
  referenceNo: "1041"
  orderId: "65ebb0de-9684-4e8d-a482-c31a1cbe70b0"
  type: "Bill Item"
  sourceId: "2a0771cb-6a88-4bfd-8e78-4f0b46b089f3"
  Expenses:CostOfSales:Purchase:PurchaseItem:Buy18kJewelry 4804.00 HKD
  category: "Jewelry"
  sku: "DD2404260000000000000024"
  qty: 1
  referenceNo: "1041"
  orderId: "65ebb0de-9684-4e8d-a482-c31a1cbe70b0"
  type: "Bill Item"
  sourceId: "01f168e3-b4c4-4eb4-b650-4262ef6cd366"
  Expenses:CostOfSales:Purchase:PurchaseItem:Buy18kJewelry 15444.00 HKD
  category: "Jewelry"
  sku: "DD2404260000000000000006"
  qty: 1
  referenceNo: "1041"
  orderId: "65ebb0de-9684-4e8d-a482-c31a1cbe70b0"
  type: "Bill Item"
  sourceId: "b6583729-87bd-43cd-b498-f398ba6f2a17"
  Expenses:CostOfSales:Purchase:PurchaseItem:Buy18kJewelry 4770.00 HKD
  category: "Jewelry"
  sku: "DD2404260000000000000029"
  qty: 1
  referenceNo: "1041"
  orderId: "65ebb0de-9684-4e8d-a482-c31a1cbe70b0"
  type: "Bill Item"
  sourceId: "8543ed75-c367-4a9e-b8a3-2f79eb67988f"
  Expenses:CostOfSales:Purchase:PurchaseItem:Buy18kJewelry 1990.00 HKD
  category: "Jewelry"
  sku: "DD2404260000000000000027"
  qty: 1
  referenceNo: "1041"
  orderId: "65ebb0de-9684-4e8d-a482-c31a1cbe70b0"
  type: "Bill Item"
  sourceId: "ac717b03-379a-4094-bc9f-feea5948e698"
  Expenses:CostOfSales:Purchase:PurchaseItem:Buy18kJewelry 4680.00 HKD
  category: "Jewelry"
  sku: "DD2404260000000000000026"
  qty: 1
  referenceNo: "1041"
  orderId: "65ebb0de-9684-4e8d-a482-c31a1cbe70b0"
  type: "Bill Item"
  sourceId: "2152eb70-b0a4-4f34-b078-ab4efe53d15a"
  Expenses:CostOfSales:Purchase:PurchaseItem:Buy18kJewelry 4976.00 HKD
  category: "Jewelry"
  sku: "DD2404260000000000000043"
  qty: 1
  referenceNo: "1041"
  orderId: "65ebb0de-9684-4e8d-a482-c31a1cbe70b0"
  type: "Bill Item"
  sourceId: "b0a51ccb-a235-4ee4-98ef-31bd2d25a08e"
  Expenses:CostOfSales:Purchase:PurchaseItem:Buy18kJewelry 3430.00 HKD
  category: "Jewelry"
  sku: "DD2404260000000000000028"
  qty: 1
  referenceNo: "1041"
  orderId: "65ebb0de-9684-4e8d-a482-c31a1cbe70b0"
  type: "Bill Item"
  sourceId: "bd076ab9-26f8-4a0b-bd15-e27e67932c29"
  Expenses:CostOfSales:Purchase:PurchaseItem:Buy18kJewelry 4940.00 HKD
  category: "Jewelry"
  sku: "DD2404260000000000000023"
  qty: 1
  referenceNo: "1041"
  orderId: "65ebb0de-9684-4e8d-a482-c31a1cbe70b0"
  type: "Bill Item"
  sourceId: "9caac5b7-39f1-4c1e-aab4-68194b6e69aa"
  Expenses:CostOfSales:Purchase:PurchaseItem:Buy18kJewelry 1404.00 HKD
  category: "Jewelry"
  sku: "DD2404260000000000000035"
  qty: 1
  referenceNo: "1041"
  orderId: "65ebb0de-9684-4e8d-a482-c31a1cbe70b0"
  type: "Bill Item"
  sourceId: "7bba53df-24e7-4412-9ed2-251fbed03131"
  Expenses:CostOfSales:Purchase:PurchaseItem:Buy18kJewelry 58344.00 HKD
  category: "Jewelry"
  sku: "DD2404260000000000000018"
  qty: 1
  referenceNo: "1041"
  orderId: "65ebb0de-9684-4e8d-a482-c31a1cbe70b0"
  type: "Bill Item"
  sourceId: "833b7e4a-e238-42a6-8c1e-69116cc84477"
  Expenses:CostOfSales:Purchase:PurchaseItem:Buy18kJewelry 2880.00 HKD
  category: "Jewelry"
  sku: "DD2404260000000000000010"
  qty: 1
  referenceNo: "1041"
  orderId: "65ebb0de-9684-4e8d-a482-c31a1cbe70b0"
  type: "Bill Item"
  sourceId: "968ae547-7e98-4d20-8090-e88749a3751d"
  Expenses:CostOfSales:Purchase:PurchaseItem:Buy18kJewelry 66924.00 HKD
  category: "Jewelry"
  sku: "DD2404260000000000000017"
  qty: 1
  referenceNo: "1041"
  orderId: "65ebb0de-9684-4e8d-a482-c31a1cbe70b0"
  type: "Bill Item"
  sourceId: "cc1e5318-3ccd-4207-87d2-659d43e19fba"
  Expenses:CostOfSales:Purchase:PurchaseItem:Buy18kJewelry 104000.00 HKD
  category: "Jewelry"
  sku: "DD2404260000000000000022"
  qty: 1
  referenceNo: "1041"
  orderId: "65ebb0de-9684-4e8d-a482-c31a1cbe70b0"
  type: "Bill Item"
  sourceId: "cffa1ef8-e0c0-48f2-b4f0-9ec0289db287"
  Expenses:CostOfSales:Purchase:PurchaseItem:Buy18kJewelry 5148.00 HKD
  category: "Jewelry"
  sku: "DD2404260000000000000016"
  qty: 1
  referenceNo: "1041"
  orderId: "65ebb0de-9684-4e8d-a482-c31a1cbe70b0"
  type: "Bill Item"
  sourceId: "1f5e7d05-b4f8-4934-a092-014c534a1d90"
  Expenses:CostOfSales:Purchase:PurchaseItem:Buy18kJewelry 10980.00 HKD
  category: "Jewelry"
  sku: "DD2404260000000000000013"
  qty: 1
  referenceNo: "1041"
  orderId: "65ebb0de-9684-4e8d-a482-c31a1cbe70b0"
  type: "Bill Item"
  sourceId: "66b0f511-e522-44b8-a730-89a0d071a937"
  Liabilities:CurrentLiabilities:AccountPayable
  referenceNo: "1041"
  orderId: "65ebb0de-9684-4e8d-a482-c31a1cbe70b0"
  type: "Bill"
  sourceId: "65ebb0de-9684-4e8d-a482-c31a1cbe70b0"
  contact: "81 0338326508 (NETJAPANCo.Ltd.) [ab8cc9c7-e476-478f-bb48-e6c95d7244c7]"
2024-04-24 * "Bill #1040 REF NO:24040076 NET japqn"
  referenceNo: "1040"
  orderId: "94ba873b-5fe1-4d1e-b5e9-549b78ac2d95"
  type: "Bill"
  Expenses:CostOfSales:Purchase:PurchaseItem:Buy18kJewelry 13312.00 HKD
  category: "Jewelry"
  sku: "DD2404260000000000000040"
  qty: 1
  referenceNo: "1040"
  orderId: "94ba873b-5fe1-4d1e-b5e9-549b78ac2d95"
  type: "Bill Item"
  sourceId: "62ade09f-dd1f-442a-86fc-002084a616ad"
  Expenses:CostOfSales:Purchase:PurchaseItem:Buy18kJewelry 6656.00 HKD
  category: "Jewelry"
  sku: "DD2404260000000000000025"
  qty: 1
  referenceNo: "1040"
  orderId: "94ba873b-5fe1-4d1e-b5e9-549b78ac2d95"
  type: "Bill Item"
  sourceId: "48f4bf7d-bdc9-4df8-81fe-d3fcdf465f90"
  Expenses:CostOfSales:Purchase:PurchaseItem:Buy18kJewelry 9670.00 HKD
  category: "Jewelry"
  sku: "DD2404260000000000000012"
  qty: 1
  referenceNo: "1040"
  orderId: "94ba873b-5fe1-4d1e-b5e9-549b78ac2d95"
  type: "Bill Item"
  sourceId: "0953d2ca-4551-472e-a780-dc453834aefa"
  Expenses:CostOfSales:Purchase:PurchaseItem:Buy18kJewelry 11076.00 HKD
  category: "Jewelry"
  sku: "DD2404260000000000000002"
  qty: 1
  referenceNo: "1040"
  orderId: "94ba873b-5fe1-4d1e-b5e9-549b78ac2d95"
  type: "Bill Item"
  sourceId: "c8235e3b-c41b-4b69-aec6-57a827d830a0"
  Expenses:CostOfSales:Purchase:PurchaseItem:Buy18kJewelry 3276.00 HKD
  category: "Jewelry"
  sku: "DD2404260000000000000030"
  qty: 1
  referenceNo: "1040"
  orderId: "94ba873b-5fe1-4d1e-b5e9-549b78ac2d95"
  type: "Bill Item"
  sourceId: "6d744f4c-0fe9-4c92-96d1-6705bbbf5a8c"
  Expenses:CostOfSales:Purchase:PurchaseItem:Buy18kJewelry 5148.00 HKD
  category: "Jewelry"
  sku: "DD2404260000000000000011"
  qty: 1
  referenceNo: "1040"
  orderId: "94ba873b-5fe1-4d1e-b5e9-549b78ac2d95"
  type: "Bill Item"
  sourceId: "3dae94be-be1c-4918-8264-97e09f8991ba"
  Expenses:CostOfSales:Purchase:PurchaseItem:Buy18kJewelry 28756.00 HKD
  category: "Jewelry"
  sku: "DD2404260000000000000001"
  qty: 1
  referenceNo: "1040"
  orderId: "94ba873b-5fe1-4d1e-b5e9-549b78ac2d95"
  type: "Bill Item"
  sourceId: "dedb62d6-be37-41b1-a6f7-a5355e1036d1"
  Expenses:CostOfSales:Purchase:PurchaseItem:Buy18kJewelry 6656.00 HKD
  category: "Jewelry"
  sku: "DD2404260000000000000020"
  qty: 1
  referenceNo: "1040"
  orderId: "94ba873b-5fe1-4d1e-b5e9-549b78ac2d95"
  type: "Bill Item"
  sourceId: "13060740-db43-4f93-adcc-46bb2f77b5f9"
  Expenses:CostOfSales:Purchase:PurchaseItem:Buy18kJewelry 6240.00 HKD
  category: "Jewelry"
  sku: "DD2404260000000000000021"
  qty: 1
  referenceNo: "1040"
  orderId: "94ba873b-5fe1-4d1e-b5e9-549b78ac2d95"
  type: "Bill Item"
  sourceId: "b749f5ca-3005-4c4d-8b79-262c1a44bd9c"
  Expenses:CostOfSales:Purchase:PurchaseItem:Buy18kJewelry 2912.00 HKD
  category: "Jewelry"
  sku: "DD2404260000000000000034"
  qty: 1
  referenceNo: "1040"
  orderId: "94ba873b-5fe1-4d1e-b5e9-549b78ac2d95"
  type: "Bill Item"
  sourceId: "a36723e4-6b75-42fd-a4be-69e242370f56"
  Liabilities:CurrentLiabilities:AccountPayable
  referenceNo: "1040"
  orderId: "94ba873b-5fe1-4d1e-b5e9-549b78ac2d95"
  type: "Bill"
  sourceId: "94ba873b-5fe1-4d1e-b5e9-549b78ac2d95"
  contact: "81 0338326508 (NETJAPANCo.Ltd.) [ab8cc9c7-e476-478f-bb48-e6c95d7244c7]"
2024-04-24 * "81 0338326508 (NETJAPANCo.Ltd.) [ab8cc9c7-e476-478f-bb48-e6c95d7244c7]" "Bill Payment for Bill #1041 #a635535f-4a47-4e3b-b1e0-d72d8c59e741"
  Liabilities:CurrentLiabilities:AccountPayable 457799.00 HKD
  contact: "81 0338326508 (NETJAPANCo.Ltd.) [ab8cc9c7-e476-478f-bb48-e6c95d7244c7]"
  type: "Bill Payment"
  sourceId: "a635535f-4a47-4e3b-b1e0-d72d8c59e741"
  referenceNo: "1041"
  orderId: "65ebb0de-9684-4e8d-a482-c31a1cbe70b0"
  Liabilities:CurrentLiabilities:CurrentAccount:C-a-MilrichElectronicsHkCoLtd -457799.00 HKD
  type: "Bill Payment"
  sourceId: "a635535f-4a47-4e3b-b1e0-d72d8c59e741"
  referenceNo: "1041"
  orderId: "65ebb0de-9684-4e8d-a482-c31a1cbe70b0"
2024-04-24 * "81 0338326508 (NETJAPANCo.Ltd.) [ab8cc9c7-e476-478f-bb48-e6c95d7244c7]" "Bill Payment for Bill #1040 #b0e5a3c8-9a86-461a-878d-457024a8895e"
  Liabilities:CurrentLiabilities:AccountPayable 93702.00 HKD
  contact: "81 0338326508 (NETJAPANCo.Ltd.) [ab8cc9c7-e476-478f-bb48-e6c95d7244c7]"
  type: "Bill Payment"
  sourceId: "b0e5a3c8-9a86-461a-878d-457024a8895e"
  referenceNo: "1040"
  orderId: "94ba873b-5fe1-4d1e-b5e9-549b78ac2d95"
  Liabilities:CurrentLiabilities:CurrentAccount:C-a-MilrichElectronicsHkCoLtd -93702.00 HKD
  type: "Bill Payment"
  sourceId: "b0e5a3c8-9a86-461a-878d-457024a8895e"
  referenceNo: "1040"
  orderId: "94ba873b-5fe1-4d1e-b5e9-549b78ac2d95"
2024-04-24 * "880 806 () [53b8789a-4451-4a1f-84f7-a9c5da7ada1a]" "Bill Payment for Bill #991 #6b939ad7-9fb0-45c9-801c-c07bc8c60f92"
  Liabilities:CurrentLiabilities:AccountPayable 5480.28 HKD
  contact: "880 806 () [53b8789a-4451-4a1f-84f7-a9c5da7ada1a]"
  type: "Bill Payment"
  sourceId: "6b939ad7-9fb0-45c9-801c-c07bc8c60f92"
  referenceNo: "991"
  orderId: "516cbc37-f96e-48b1-889a-cff2940886a6"
  Assets:CurrentAssets:Bank:BocVisaCard-DavidBank -5480.28 HKD
  type: "Bill Payment"
  sourceId: "6b939ad7-9fb0-45c9-801c-c07bc8c60f92"
  referenceNo: "991"
  orderId: "516cbc37-f96e-48b1-889a-cff2940886a6"
2024-04-24 * "880 806 () [53b8789a-4451-4a1f-84f7-a9c5da7ada1a]" "Bill Payment for Bill #1259 #c397460a-5ae1-4906-a73e-33e7d0880d5d"
  Liabilities:CurrentLiabilities:AccountPayable 1529.13 HKD
  contact: "880 806 () [53b8789a-4451-4a1f-84f7-a9c5da7ada1a]"
  type: "Bill Payment"
  sourceId: "c397460a-5ae1-4906-a73e-33e7d0880d5d"
  referenceNo: "1259"
  orderId: "b7bfb5f4-91ed-4f05-946e-a38e2bcf5823"
  Assets:CurrentAssets:Bank:BocVisaCard-DavidBank -1529.13 HKD
  type: "Bill Payment"
  sourceId: "c397460a-5ae1-4906-a73e-33e7d0880d5d"
  referenceNo: "1259"
  orderId: "b7bfb5f4-91ed-4f05-946e-a38e2bcf5823"
2024-04-24 * "880 806 () [53b8789a-4451-4a1f-84f7-a9c5da7ada1a]" "Bill Payment for Bill #985 #0688f246-fe3f-4255-b7e2-2f989601f115"
  Liabilities:CurrentLiabilities:AccountPayable 7100.00 HKD
  contact: "880 806 () [53b8789a-4451-4a1f-84f7-a9c5da7ada1a]"
  type: "Bill Payment"
  sourceId: "0688f246-fe3f-4255-b7e2-2f989601f115"
  referenceNo: "985"
  orderId: "71f7f0b7-9334-4863-9d4a-12e26703ab6b"
  Assets:CurrentAssets:Bank:BocCurrentBank -7100.00 HKD
  type: "Bill Payment"
  sourceId: "0688f246-fe3f-4255-b7e2-2f989601f115"
  referenceNo: "985"
  orderId: "71f7f0b7-9334-4863-9d4a-12e26703ab6b"
2024-04-26 * "Bill #1472 (22/04-26/04)1week 415kg*8= 3320usdt"
  referenceNo: "1472"
  orderId: "ff81d5fd-d467-4793-a3ef-bb8aa072ef0d"
  type: "Bill"
  Expenses:GeneralExpense:MetalTransportationFee 3320.00 USDT
  qty: "415"
  description: ""
  referenceNo: "1472"
  orderId: "ff81d5fd-d467-4793-a3ef-bb8aa072ef0d"
  type: "Bill Item"
  sourceId: "ac452472-afda-4726-b89f-5499cd14fe0b"
  Liabilities:CurrentLiabilities:AccountPayable
  referenceNo: "1472"
  orderId: "ff81d5fd-d467-4793-a3ef-bb8aa072ef0d"
  type: "Bill"
  sourceId: "ff81d5fd-d467-4793-a3ef-bb8aa072ef0d"
  contact: "82 10063988492 () [2d630467-4741-4a05-854d-e05b52b867d2]"
2024-04-26 * "82 10063988492 () [2d630467-4741-4a05-854d-e05b52b867d2]" "Bill Payment for Bill #1472 #d446e56b-aed9-4fd5-a62b-0a4c5b08361b"
  Liabilities:CurrentLiabilities:AccountPayable 3320.00 USDT
  contact: "82 10063988492 () [2d630467-4741-4a05-854d-e05b52b867d2]"
  type: "Bill Payment"
  sourceId: "d446e56b-aed9-4fd5-a62b-0a4c5b08361b"
  referenceNo: "1472"
  orderId: "ff81d5fd-d467-4793-a3ef-bb8aa072ef0d"
  Assets:CurrentAssets:Wallet:DkkCWallet金料 -3320.00 USDT
  type: "Bill Payment"
  sourceId: "d446e56b-aed9-4fd5-a62b-0a4c5b08361b"
  referenceNo: "1472"
  orderId: "ff81d5fd-d467-4793-a3ef-bb8aa072ef0d"
2024-04-28 * "Bill #1030 G17 相機"
  referenceNo: "1030"
  orderId: "a64bb5eb-3dae-4a66-9d10-6394ef0fc3ba"
  type: "Bill"
  Assets:Non-currentAssets:BuyEquipment 6460.00 HKD
  qty: "1"
  description: "G17  相機"
  referenceNo: "1030"
  orderId: "a64bb5eb-3dae-4a66-9d10-6394ef0fc3ba"
  type: "Bill Item"
  sourceId: "dfff20bf-eb11-4deb-b7ef-e66e845c2b98"
  Liabilities:CurrentLiabilities:AccountPayable
  referenceNo: "1030"
  orderId: "a64bb5eb-3dae-4a66-9d10-6394ef0fc3ba"
  type: "Bill"
  sourceId: "a64bb5eb-3dae-4a66-9d10-6394ef0fc3ba"
  contact: "880 806 () [53b8789a-4451-4a1f-84f7-a9c5da7ada1a]"
2024-04-29 * "Bill #1031 G17上網(2024-5月)"
  referenceNo: "1031"
  orderId: "77210944-3c13-496b-87cf-9a7f1edf3092"
  type: "Bill"
  Expenses:GeneralExpense:TelephoneAndInternetAndAlarm 338.00 HKD
  qty: "1"
  description: "G17上網(2024-5月)"
  referenceNo: "1031"
  orderId: "77210944-3c13-496b-87cf-9a7f1edf3092"
  type: "Bill Item"
  sourceId: "09578267-59c8-4466-bbfc-8552fcae00b2"
  Liabilities:CurrentLiabilities:AccountPayable
  referenceNo: "1031"
  orderId: "77210944-3c13-496b-87cf-9a7f1edf3092"
  type: "Bill"
  sourceId: "77210944-3c13-496b-87cf-9a7f1edf3092"
  contact: "880 806 () [53b8789a-4451-4a1f-84f7-a9c5da7ada1a]"
2024-04-29 * "Bill #976 SALARY 24年4月"
  referenceNo: "976"
  orderId: "5318d83d-5895-47e5-82af-ed4ee8851e98"
  type: "Bill"
  Expenses:GeneralExpense:WagesAndSalaries 67450.00 HKD
  qty: "1"
  description: "SALARY 24年4月"
  referenceNo: "976"
  orderId: "5318d83d-5895-47e5-82af-ed4ee8851e98"
  type: "Bill Item"
  sourceId: "b9401207-752b-47b1-9de6-6011d179e41a"
  Liabilities:CurrentLiabilities:AccountPayable
  referenceNo: "976"
  orderId: "5318d83d-5895-47e5-82af-ed4ee8851e98"
  type: "Bill"
  sourceId: "5318d83d-5895-47e5-82af-ed4ee8851e98"
  contact: "880 806 () [53b8789a-4451-4a1f-84f7-a9c5da7ada1a]"
2024-04-29 * "Bill #977 AE Credit Card payment (24年04月)"
  referenceNo: "977"
  orderId: "811ba4c0-cea1-4cf4-bc00-4ec00ead471b"
  type: "Bill"
  Expenses:GeneralExpense:Subscriptions 478.95 HKD
  qty: "1"
  description: "DUO.COM -4.2 (usd 60)"
  referenceNo: "977"
  orderId: "811ba4c0-cea1-4cf4-bc00-4ec00ead471b"
  type: "Bill Item"
  sourceId: "9462e874-91bc-423d-a50d-dd284dd0caa0"
  Expenses:GeneralExpense:AdvertisingAndBranding 1037.77 HKD
  qty: "1"
  description: "SEMRUSH - 4.8 (usd 129.95)"
  referenceNo: "977"
  orderId: "811ba4c0-cea1-4cf4-bc00-4ec00ead471b"
  type: "Bill Item"
  sourceId: "896a28df-9b5b-466d-8cd5-754e2c613dbe"
  Expenses:GeneralExpense:OfficeExpenses 495.24 HKD
  qty: "1"
  description: "IHERB (零食) - 3.22"
  referenceNo: "977"
  orderId: "811ba4c0-cea1-4cf4-bc00-4ec00ead471b"
  type: "Bill Item"
  sourceId: "92c38d97-41f5-4b1b-afca-4110d8b6f0f7"
  Expenses:GeneralExpense:AdvertisingAndBranding 758.70 HKD
  qty: "1"
  description: "CRISP - 4.4 (usd 95)"
  referenceNo: "977"
  orderId: "811ba4c0-cea1-4cf4-bc00-4ec00ead471b"
  type: "Bill Item"
  sourceId: "aa68d258-025a-4f91-855a-e3a3dc7de468"
  Expenses:GeneralExpense:BankFeesExpense 2.10 HKD
  qty: "1"
  description: "Bank Fee"
  referenceNo: "977"
  orderId: "811ba4c0-cea1-4cf4-bc00-4ec00ead471b"
  type: "Bill Item"
  sourceId: "9cecb4fd-5b5e-4e93-818b-176e620b0aaa"
  Liabilities:CurrentLiabilities:AccountPayable
  referenceNo: "977"
  orderId: "811ba4c0-cea1-4cf4-bc00-4ec00ead471b"
  type: "Bill"
  sourceId: "811ba4c0-cea1-4cf4-bc00-4ec00ead471b"
  contact: "880 806 () [53b8789a-4451-4a1f-84f7-a9c5da7ada1a]"
2024-04-29 * "880 806 () [53b8789a-4451-4a1f-84f7-a9c5da7ada1a]" "Bill Payment for Bill #976 #6355b59b-f708-4bb5-86ac-929a6a449f16"
  Liabilities:CurrentLiabilities:AccountPayable 67450.00 HKD
  contact: "880 806 () [53b8789a-4451-4a1f-84f7-a9c5da7ada1a]"
  type: "Bill Payment"
  sourceId: "6355b59b-f708-4bb5-86ac-929a6a449f16"
  referenceNo: "976"
  orderId: "5318d83d-5895-47e5-82af-ed4ee8851e98"
  Assets:CurrentAssets:Bank:BocSavingBank -67450.00 HKD
  type: "Bill Payment"
  sourceId: "6355b59b-f708-4bb5-86ac-929a6a449f16"
  referenceNo: "976"
  orderId: "5318d83d-5895-47e5-82af-ed4ee8851e98"
2024-04-29 * "880 806 () [53b8789a-4451-4a1f-84f7-a9c5da7ada1a]" "Bill Payment for Bill #977 #21ba82e9-107c-4501-a36c-c8edb76f0f3a"
  Liabilities:CurrentLiabilities:AccountPayable 2770.66 HKD
  contact: "880 806 () [53b8789a-4451-4a1f-84f7-a9c5da7ada1a]"
  type: "Bill Payment"
  sourceId: "21ba82e9-107c-4501-a36c-c8edb76f0f3a"
  referenceNo: "977"
  orderId: "811ba4c0-cea1-4cf4-bc00-4ec00ead471b"
  Assets:CurrentAssets:Bank:BocSavingBank -2770.66 HKD
  type: "Bill Payment"
  sourceId: "21ba82e9-107c-4501-a36c-c8edb76f0f3a"
  referenceNo: "977"
  orderId: "811ba4c0-cea1-4cf4-bc00-4ec00ead471b"
2024-04-29 * "880 806 () [53b8789a-4451-4a1f-84f7-a9c5da7ada1a]" "Bill Payment for Bill #977 #90d515cd-b414-47c8-9804-98459967aa28"
  Liabilities:CurrentLiabilities:AccountPayable 2.10 HKD
  contact: "880 806 () [53b8789a-4451-4a1f-84f7-a9c5da7ada1a]"
  type: "Bill Payment"
  sourceId: "90d515cd-b414-47c8-9804-98459967aa28"
  referenceNo: "977"
  orderId: "811ba4c0-cea1-4cf4-bc00-4ec00ead471b"
  Assets:CurrentAssets:Bank:BocSavingBank -2.10 HKD
  type: "Bill Payment"
  sourceId: "90d515cd-b414-47c8-9804-98459967aa28"
  referenceNo: "977"
  orderId: "811ba4c0-cea1-4cf4-bc00-4ec00ead471b"
2024-04-30 * "Invoice #458 Rebate From ICmarket 2024-04"
  Income:OtherIncome:RebateFromLp -475.99 USDT
  description: "Manual (Back office)  04-09至04-30"
  qty: 1
  referenceNo: "458"
  orderId: "49f4c8ab-cc88-46bd-b766-456503868fe0"
  type: "Invoice Item"
  sourceId: "8f5b57cc-cc2e-4260-9266-788e0b7c5480"
  Assets:CurrentAssets:AccountReceivable
  referenceNo: "458"
  orderId: "49f4c8ab-cc88-46bd-b766-456503868fe0"
  type: "Invoice"
  sourceId: "49f4c8ab-cc88-46bd-b766-456503868fe0"
  contact: "852 666666 (icmarket) [666112b8-2856-4ed8-8370-eb4b911be7b5]"
2024-04-30 * "Invoice #411 INTEREST"
  Income:OtherIncome:Interest-bank -21.77 HKD
  description: "INTEREST"
  qty: 1
  referenceNo: "411"
  orderId: "1e686dcf-52ad-4995-a0cd-47030d45128e"
  type: "Invoice Item"
  sourceId: "1e481177-2de4-4d2e-96e3-4d3e35b7739d"
  Assets:CurrentAssets:AccountReceivable
  referenceNo: "411"
  orderId: "1e686dcf-52ad-4995-a0cd-47030d45128e"
  type: "Invoice"
  sourceId: "1e686dcf-52ad-4995-a0cd-47030d45128e"
  contact: "998 12345835 (boc(bankofchina)) [82f385a7-d238-4826-9a12-e06648f93cdb]"
2024-04-30 * "Bill #1059 Cost of Hedging (金) 2024-4"
  referenceNo: "1059"
  orderId: "95e021d8-1ba2-41a5-8842-8bf20116861c"
  type: "Bill"
  Expenses:OtherExpenses:CostOfHedging金 299100.83 USDT
  qty: "1"
  description: "Closed Trade P/L"
  referenceNo: "1059"
  orderId: "95e021d8-1ba2-41a5-8842-8bf20116861c"
  type: "Bill Item"
  sourceId: "e7b96691-4619-4abc-a0c3-df4a92d674d2"
  Liabilities:CurrentLiabilities:AccountPayable
  referenceNo: "1059"
  orderId: "95e021d8-1ba2-41a5-8842-8bf20116861c"
  type: "Bill"
  sourceId: "95e021d8-1ba2-41a5-8842-8bf20116861c"
  contact: "852 666666 (icmarket) [666112b8-2856-4ed8-8370-eb4b911be7b5]"
2024-04-30 * "Assets:CurrentAssets:E-tradingPlatform:Mt4320039271金" "Invoice Payment for Invoice #458 #9f1cb15c-e8cc-415a-b2f0-10694010047d"
  Assets:CurrentAssets:E-tradingPlatform:Mt4320039271金 475.99 USDT
  type: "Invoice Payment"
  sourceId: "9f1cb15c-e8cc-415a-b2f0-10694010047d"
  referenceNo: "458"
  orderId: "49f4c8ab-cc88-46bd-b766-456503868fe0"
  Assets:CurrentAssets:AccountReceivable -475.99 USDT
  type: "Invoice Payment"
  sourceId: "9f1cb15c-e8cc-415a-b2f0-10694010047d"
  referenceNo: "458"
  orderId: "49f4c8ab-cc88-46bd-b766-456503868fe0"
  contact: "852 666666 (icmarket) [666112b8-2856-4ed8-8370-eb4b911be7b5]"
2024-04-30 * "Assets:CurrentAssets:Bank:BocSavingBank" "Invoice Payment for Invoice #411 #c8ac92d7-f925-4114-95ba-af92bff4545b"
  Assets:CurrentAssets:Bank:BocSavingBank 21.77 HKD
  type: "Invoice Payment"
  sourceId: "c8ac92d7-f925-4114-95ba-af92bff4545b"
  referenceNo: "411"
  orderId: "1e686dcf-52ad-4995-a0cd-47030d45128e"
  Assets:CurrentAssets:AccountReceivable -21.77 HKD
  type: "Invoice Payment"
  sourceId: "c8ac92d7-f925-4114-95ba-af92bff4545b"
  referenceNo: "411"
  orderId: "1e686dcf-52ad-4995-a0cd-47030d45128e"
  contact: "998 12345835 (boc(bankofchina)) [82f385a7-d238-4826-9a12-e06648f93cdb]"
2024-04-30 * "852 666666 (icmarket) [666112b8-2856-4ed8-8370-eb4b911be7b5]" "Bill Payment for Bill #1059 #332816aa-10b6-480e-ae91-d80afb1f1417"
  Liabilities:CurrentLiabilities:AccountPayable 299100.83 USDT
  contact: "852 666666 (icmarket) [666112b8-2856-4ed8-8370-eb4b911be7b5]"
  type: "Bill Payment"
  sourceId: "332816aa-10b6-480e-ae91-d80afb1f1417"
  referenceNo: "1059"
  orderId: "95e021d8-1ba2-41a5-8842-8bf20116861c"
  Assets:CurrentAssets:E-tradingPlatform:Mt4320039271金 -299100.83 USDT
  type: "Bill Payment"
  sourceId: "332816aa-10b6-480e-ae91-d80afb1f1417"
  referenceNo: "1059"
  orderId: "95e021d8-1ba2-41a5-8842-8bf20116861c"