; ORDER transactions for 2024-06

2024-06-01 * "Invoice #421 SHIRLEY取"
  Income:Sales:SalesItem:SellGoldJewelry -2138.00 HKD
  category: "Gold Jewelry"
  sku: "DDFF23051703000000000001"
  qty: 1
  referenceNo: "421"
  orderId: "0993f14a-4fc8-48de-aa81-677c3bba480f"
  type: "Invoice Item"
  sourceId: "bd1b946b-a3c3-46df-bd12-c454c8d29f30"
  Assets:CurrentAssets:AccountReceivable
  referenceNo: "421"
  orderId: "0993f14a-4fc8-48de-aa81-677c3bba480f"
  type: "Invoice"
  sourceId: "0993f14a-4fc8-48de-aa81-677c3bba480f"
  contact: "998 12345708 (DavidKwan(Director)) [02ab8da0-959b-440e-9733-c02eab1b0288]"
2024-06-01 * "Invoice #419 For Process - Ref BILL#997 (Change Bracelet Size) "
  Income:Sales:SalesItem:Sell-ForProcess交外廠加工 -250.00 HKD
  category: "Other"
  sku: "Processing 017"
  qty: 1
  referenceNo: "419"
  orderId: "21f15c6c-8e33-49bc-a936-2057b80c6e5f"
  type: "Invoice Item"
  sourceId: "f7635289-b411-41db-bb06-c069607a082e"
  Assets:CurrentAssets:AccountReceivable
  referenceNo: "419"
  orderId: "21f15c6c-8e33-49bc-a936-2057b80c6e5f"
  type: "Invoice"
  sourceId: "21f15c6c-8e33-49bc-a936-2057b80c6e5f"
  contact: "852 52665426 (YUMMY) [22a2be29-f4b7-41b7-a0eb-af626862ec69]"
2024-06-01 * "Bill #998 setting for ruby ring inv#621"
  referenceNo: "998"
  orderId: "d3422a79-27b5-460e-be83-7355293f141f"
  type: "Bill"
  Expenses:CostOfSales:Purchase:PurchaseItem:Buy18kJewelry 2435.00 HKD
  category: "Jewelry"
  sku: "BESPOKE 未番貨"
  qty: 1
  referenceNo: "998"
  orderId: "d3422a79-27b5-460e-be83-7355293f141f"
  type: "Bill Item"
  sourceId: "aa821f9e-3c41-4fe8-bdc3-5b48c29db4d0"
  Liabilities:CurrentLiabilities:AccountPayable
  referenceNo: "998"
  orderId: "d3422a79-27b5-460e-be83-7355293f141f"
  type: "Bill"
  sourceId: "d3422a79-27b5-460e-be83-7355293f141f"
  contact: "86 97978678 (ERIC)"
2024-06-01 * "Assets:CurrentAssets:Cash:CashInHand" "Invoice Payment for Invoice #419 #516f7b7a-db7b-499d-9ecb-268190f8ebaf"
  Assets:CurrentAssets:Cash:CashInHand 250.00 HKD
  type: "Invoice Payment"
  sourceId: "516f7b7a-db7b-499d-9ecb-268190f8ebaf"
  referenceNo: "419"
  orderId: "21f15c6c-8e33-49bc-a936-2057b80c6e5f"
  Assets:CurrentAssets:AccountReceivable -250.00 HKD
  type: "Invoice Payment"
  sourceId: "516f7b7a-db7b-499d-9ecb-268190f8ebaf"
  referenceNo: "419"
  orderId: "21f15c6c-8e33-49bc-a936-2057b80c6e5f"
  contact: "852 52665426 (YUMMY) [22a2be29-f4b7-41b7-a0eb-af626862ec69]"
2024-06-01 * "Liabilities:CurrentLiabilities:CurrentAccount:C-a-DirectorDavidKwan" "Invoice Payment for Invoice #421 #b2ecfcd0-861e-402a-80aa-856cb1777cbd"
  Liabilities:CurrentLiabilities:CurrentAccount:C-a-DirectorDavidKwan 2138.00 HKD
  type: "Invoice Payment"
  sourceId: "b2ecfcd0-861e-402a-80aa-856cb1777cbd"
  referenceNo: "421"
  orderId: "0993f14a-4fc8-48de-aa81-677c3bba480f"
  Assets:CurrentAssets:AccountReceivable -2138.00 HKD
  type: "Invoice Payment"
  sourceId: "b2ecfcd0-861e-402a-80aa-856cb1777cbd"
  referenceNo: "421"
  orderId: "0993f14a-4fc8-48de-aa81-677c3bba480f"
  contact: "998 12345708 (DavidKwan(Director)) [02ab8da0-959b-440e-9733-c02eab1b0288]"
2024-06-01 * "852 96221974 (強哥首飾加工師傅) [cef6a8eb-0892-4a7c-bfdc-328752af4fd5]" "Bill Payment for Bill #997 #d35cfe2e-f10a-4c6c-ab73-89121739e6f8"
  Liabilities:CurrentLiabilities:AccountPayable 200.00 HKD
  contact: "852 96221974 (強哥首飾加工師傅) [cef6a8eb-0892-4a7c-bfdc-328752af4fd5]"
  type: "Bill Payment"
  sourceId: "d35cfe2e-f10a-4c6c-ab73-89121739e6f8"
  referenceNo: "997"
  orderId: "9b1ca715-a58b-4fec-adfa-cbf18549db4f"
  Assets:CurrentAssets:Cash:CashInHand -200.00 HKD
  type: "Bill Payment"
  sourceId: "d35cfe2e-f10a-4c6c-ab73-89121739e6f8"
  referenceNo: "997"
  orderId: "9b1ca715-a58b-4fec-adfa-cbf18549db4f"
2024-06-01 * "86 97978678 (ERIC) [cb2cbf18-d8c3-40eb-a388-d7234ea70615]" "Bill Payment for Bill #998 #348cb4f5-296c-4063-b9f0-35a919424ab5"
  Liabilities:CurrentLiabilities:AccountPayable 2435.00 HKD
  contact: "86 97978678 (ERIC) [cb2cbf18-d8c3-40eb-a388-d7234ea70615]"
  type: "Bill Payment"
  sourceId: "348cb4f5-296c-4063-b9f0-35a919424ab5"
  referenceNo: "998"
  orderId: "d3422a79-27b5-460e-be83-7355293f141f"
  Assets:CurrentAssets:Cash:CashInHand -2435.00 HKD
  type: "Bill Payment"
  sourceId: "348cb4f5-296c-4063-b9f0-35a919424ab5"
  referenceNo: "998"
  orderId: "d3422a79-27b5-460e-be83-7355293f141f"
2024-06-03 * "Bill #1239 外援 人工"
  referenceNo: "1239"
  orderId: "777b3660-957a-431a-b5dd-b4d724c4632e"
  type: "Bill"
  Expenses:GeneralExpense:WagesAndSalaries 4435.00 HKD
  qty: "1"
  description: "外援 人工"
  referenceNo: "1239"
  orderId: "777b3660-957a-431a-b5dd-b4d724c4632e"
  type: "Bill Item"
  sourceId: "e66cc5a0-52c2-4502-ba5b-917a0a6662ca"
  Expenses:GeneralExpense:BankFeesExpense 5.00 HKD
  qty: "1"
  description: "Bank Fee"
  referenceNo: "1239"
  orderId: "777b3660-957a-431a-b5dd-b4d724c4632e"
  type: "Bill Item"
  sourceId: "7b1af2e1-41d7-473a-80a3-97d90934d7f4"
  Liabilities:CurrentLiabilities:AccountPayable
  referenceNo: "1239"
  orderId: "777b3660-957a-431a-b5dd-b4d724c4632e"
  type: "Bill"
  sourceId: "777b3660-957a-431a-b5dd-b4d724c4632e"
  contact: "880 806 ()"
2024-06-03 * "Bill #1038 DKK 黃金報關"
  referenceNo: "1038"
  orderId: "a36fb85e-6ead-4855-86b1-eb0621097398"
  type: "Bill"
  Expenses:GeneralExpense:TransportationAndCourier 153.00 HKD
  qty: "1"
  description: "DKK 黃金報關"
  referenceNo: "1038"
  orderId: "a36fb85e-6ead-4855-86b1-eb0621097398"
  type: "Bill Item"
  sourceId: "cbe63c9f-5ece-43ab-adad-4cc8bc354b58"
  Liabilities:CurrentLiabilities:AccountPayable
  referenceNo: "1038"
  orderId: "a36fb85e-6ead-4855-86b1-eb0621097398"
  type: "Bill"
  sourceId: "a36fb85e-6ead-4855-86b1-eb0621097398"
  contact: "880 806 ()"
2024-06-03 * "880 806 () [53b8789a-4451-4a1f-84f7-a9c5da7ada1a]" "Bill Payment for Bill #1038 #769743fc-0184-4e43-b4e5-dbda2f82e747"
  Liabilities:CurrentLiabilities:AccountPayable 153.00 HKD
  contact: "880 806 () [53b8789a-4451-4a1f-84f7-a9c5da7ada1a]"
  type: "Bill Payment"
  sourceId: "769743fc-0184-4e43-b4e5-dbda2f82e747"
  referenceNo: "1038"
  orderId: "a36fb85e-6ead-4855-86b1-eb0621097398"
  Liabilities:CurrentLiabilities:CurrentAccount:C-a-MilrichElectronicsHkCoLtd -153.00 HKD
  type: "Bill Payment"
  sourceId: "769743fc-0184-4e43-b4e5-dbda2f82e747"
  referenceNo: "1038"
  orderId: "a36fb85e-6ead-4855-86b1-eb0621097398"
2024-06-03 * "880 806 () [53b8789a-4451-4a1f-84f7-a9c5da7ada1a]" "Bill Payment for Bill #1239 #7315d634-9251-487a-8652-fd1824cb96a1"
  Liabilities:CurrentLiabilities:AccountPayable 4435.00 HKD
  contact: "880 806 () [53b8789a-4451-4a1f-84f7-a9c5da7ada1a]"
  type: "Bill Payment"
  sourceId: "7315d634-9251-487a-8652-fd1824cb96a1"
  referenceNo: "1239"
  orderId: "777b3660-957a-431a-b5dd-b4d724c4632e"
  Assets:CurrentAssets:Bank:BocSavingBank -4435.00 HKD
  type: "Bill Payment"
  sourceId: "7315d634-9251-487a-8652-fd1824cb96a1"
  referenceNo: "1239"
  orderId: "777b3660-957a-431a-b5dd-b4d724c4632e"
2024-06-03 * "880 806 () [53b8789a-4451-4a1f-84f7-a9c5da7ada1a]" "Bill Payment for Bill #1239 #7be4ebf0-b5b5-4f11-905f-476dd7af2793"
  Liabilities:CurrentLiabilities:AccountPayable 5.00 HKD
  contact: "880 806 () [53b8789a-4451-4a1f-84f7-a9c5da7ada1a]"
  type: "Bill Payment"
  sourceId: "7be4ebf0-b5b5-4f11-905f-476dd7af2793"
  referenceNo: "1239"
  orderId: "777b3660-957a-431a-b5dd-b4d724c4632e"
  Assets:CurrentAssets:Bank:BocSavingBank -5.00 HKD
  type: "Bill Payment"
  sourceId: "7be4ebf0-b5b5-4f11-905f-476dd7af2793"
  referenceNo: "1239"
  orderId: "777b3660-957a-431a-b5dd-b4d724c4632e"
2024-06-12 * "Bill #1240 EPS 24年5月手續費"
  referenceNo: "1240"
  orderId: "2696eb64-6644-44b8-9a39-ee59f74604c4"
  type: "Bill"
  Expenses:GeneralExpense:CardFeeExpense 410.00 HKD
  qty: "1"
  description: "EPS 24年5月手續費"
  referenceNo: "1240"
  orderId: "2696eb64-6644-44b8-9a39-ee59f74604c4"
  type: "Bill Item"
  sourceId: "d0a510ec-3a74-473f-9d0a-46d212673696"
  Liabilities:CurrentLiabilities:AccountPayable
  referenceNo: "1240"
  orderId: "2696eb64-6644-44b8-9a39-ee59f74604c4"
  type: "Bill"
  sourceId: "2696eb64-6644-44b8-9a39-ee59f74604c4"
  contact: "880 806 ()"
2024-06-12 * "880 806 () [53b8789a-4451-4a1f-84f7-a9c5da7ada1a]" "Bill Payment for Bill #1240 #bda907fe-0446-49a9-9c3f-0ba7d10bd4f0"
  Liabilities:CurrentLiabilities:AccountPayable 410.00 HKD
  contact: "880 806 () [53b8789a-4451-4a1f-84f7-a9c5da7ada1a]"
  type: "Bill Payment"
  sourceId: "bda907fe-0446-49a9-9c3f-0ba7d10bd4f0"
  referenceNo: "1240"
  orderId: "2696eb64-6644-44b8-9a39-ee59f74604c4"
  Assets:CurrentAssets:Bank:BocSavingBank -410.00 HKD
  type: "Bill Payment"
  sourceId: "bda907fe-0446-49a9-9c3f-0ba7d10bd4f0"
  referenceNo: "1240"
  orderId: "2696eb64-6644-44b8-9a39-ee59f74604c4"
2024-06-14 * "Bill #1039 G17電費(2024-5月)"
  referenceNo: "1039"
  orderId: "78b8bf6d-b086-4b94-a605-e802fbf494b3"
  type: "Bill"
  Expenses:GeneralExpense:ElectricityLightHeating 1955.00 HKD
  qty: "1"
  description: "G17電費(2024-5月)"
  referenceNo: "1039"
  orderId: "78b8bf6d-b086-4b94-a605-e802fbf494b3"
  type: "Bill Item"
  sourceId: "6d21cbd3-5fc2-4077-aa25-9c0a0c606c8c"
  Liabilities:CurrentLiabilities:AccountPayable
  referenceNo: "1039"
  orderId: "78b8bf6d-b086-4b94-a605-e802fbf494b3"
  type: "Bill"
  sourceId: "78b8bf6d-b086-4b94-a605-e802fbf494b3"
  contact: "880 806 ()"
2024-06-14 * "880 806 () [53b8789a-4451-4a1f-84f7-a9c5da7ada1a]" "Bill Payment for Bill #1039 #1eb880fe-695b-4ea3-848a-5d9645f56a75"
  Liabilities:CurrentLiabilities:AccountPayable 1955.00 HKD
  contact: "880 806 () [53b8789a-4451-4a1f-84f7-a9c5da7ada1a]"
  type: "Bill Payment"
  sourceId: "1eb880fe-695b-4ea3-848a-5d9645f56a75"
  referenceNo: "1039"
  orderId: "78b8bf6d-b086-4b94-a605-e802fbf494b3"
  Liabilities:CurrentLiabilities:CurrentAccount:C-a-MilrichElectronicsHkCoLtd -1955.00 HKD
  type: "Bill Payment"
  sourceId: "1eb880fe-695b-4ea3-848a-5d9645f56a75"
  referenceNo: "1039"
  orderId: "78b8bf6d-b086-4b94-a605-e802fbf494b3"
2024-06-14 * "Bill #994 oder ring 6/4 (INV636 YUMMY)"
  referenceNo: "994"
  orderId: "d854a337-22e8-40d7-99a8-f909a42ca5a1"
  type: "Bill"
  Expenses:CostOfSales:Purchase:PurchaseItem:BuyBespoke 4800.00 HKD
  category: "Ring Setting"
  sku: "DD2024061400000001"
  qty: 1
  referenceNo: "994"
  orderId: "d854a337-22e8-40d7-99a8-f909a42ca5a1"
  type: "Bill Item"
  sourceId: "33e32da9-d751-449d-85ce-aae74eceab2e"
  Liabilities:CurrentLiabilities:AccountPayable
  referenceNo: "994"
  orderId: "d854a337-22e8-40d7-99a8-f909a42ca5a1"
  type: "Bill"
  sourceId: "d854a337-22e8-40d7-99a8-f909a42ca5a1"
  contact: "998 12345767 (SkyHighHoldingsGroupLtd)"
2024-06-14 * "998 12345767 (SkyHighHoldingsGroupLtd) [efdca012-5d6e-4361-8ec7-f5566615d58a]" "Bill Payment for Bill #994 #60f32567-b814-45cc-ab84-7eadcf26c61d"
  Liabilities:CurrentLiabilities:AccountPayable 4800.00 HKD
  contact: "998 12345767 (SkyHighHoldingsGroupLtd) [efdca012-5d6e-4361-8ec7-f5566615d58a]"
  type: "Bill Payment"
  sourceId: "60f32567-b814-45cc-ab84-7eadcf26c61d"
  referenceNo: "994"
  orderId: "d854a337-22e8-40d7-99a8-f909a42ca5a1"
  Assets:CurrentAssets:TradeDeposit:TradeDeposit-SkyhighHoldingsGroupLtd -4800.00 HKD
  type: "Bill Payment"
  sourceId: "60f32567-b814-45cc-ab84-7eadcf26c61d"
  referenceNo: "994"
  orderId: "d854a337-22e8-40d7-99a8-f909a42ca5a1"
2024-06-15 * "Invoice #423 For Process - Ref BILL#996 (Change Ring Size #12)"
  Income:Sales:SalesItem:Sell-ForProcess交外廠加工 -250.00 HKD
  category: "Other"
  sku: "Processing 018"
  qty: 1
  referenceNo: "423"
  orderId: "60981b32-18bb-4a78-9bd2-0e960be0b55d"
  type: "Invoice Item"
  sourceId: "ca5061f5-5da3-4a5f-8cc8-b390950ce7cf"
  Assets:CurrentAssets:AccountReceivable
  referenceNo: "423"
  orderId: "60981b32-18bb-4a78-9bd2-0e960be0b55d"
  type: "Invoice"
  sourceId: "60981b32-18bb-4a78-9bd2-0e960be0b55d"
  contact: "880 802 (Walkin) [42348712-7daa-4c29-93b7-756b472429a4]"
2024-06-15 * "Bill #996 Ref INV#625 (Change Ring Size#12)"
  referenceNo: "996"
  orderId: "d5026246-b75d-438a-b945-aa56d7b9311d"
  type: "Bill"
  Expenses:CostOfSales:Purchase:PurchaseItem:BuyCost-ProcessingFee 200.00 HKD
  category: "Other"
  sku: "Processing 018"
  qty: 1
  referenceNo: "996"
  orderId: "d5026246-b75d-438a-b945-aa56d7b9311d"
  type: "Bill Item"
  sourceId: "63184aff-7a00-4f3f-b5ac-9a8b07728d3d"
  Liabilities:CurrentLiabilities:AccountPayable
  referenceNo: "996"
  orderId: "d5026246-b75d-438a-b945-aa56d7b9311d"
  type: "Bill"
  sourceId: "d5026246-b75d-438a-b945-aa56d7b9311d"
  contact: "852 96221974 (強哥首飾加工師傅)"
2024-06-16 * "852 96221974 (強哥首飾加工師傅) [cef6a8eb-0892-4a7c-bfdc-328752af4fd5]" "Bill Payment for Bill #996 #7c422646-72a5-4892-9f54-3ee303cb4edc"
  Liabilities:CurrentLiabilities:AccountPayable 200.00 HKD
  contact: "852 96221974 (強哥首飾加工師傅) [cef6a8eb-0892-4a7c-bfdc-328752af4fd5]"
  type: "Bill Payment"
  sourceId: "7c422646-72a5-4892-9f54-3ee303cb4edc"
  referenceNo: "996"
  orderId: "d5026246-b75d-438a-b945-aa56d7b9311d"
  Assets:CurrentAssets:Cash:CashInHand -200.00 HKD
  type: "Bill Payment"
  sourceId: "7c422646-72a5-4892-9f54-3ee303cb4edc"
  referenceNo: "996"
  orderId: "d5026246-b75d-438a-b945-aa56d7b9311d"
2024-06-16 * "Assets:CurrentAssets:Cash:CashInHand" "Invoice Payment for Invoice #423 #7996fcc3-8302-4487-b26d-cb430255fb67"
  Assets:CurrentAssets:Cash:CashInHand 250.00 HKD
  type: "Invoice Payment"
  sourceId: "7996fcc3-8302-4487-b26d-cb430255fb67"
  referenceNo: "423"
  orderId: "60981b32-18bb-4a78-9bd2-0e960be0b55d"
  Assets:CurrentAssets:AccountReceivable -250.00 HKD
  type: "Invoice Payment"
  sourceId: "7996fcc3-8302-4487-b26d-cb430255fb67"
  referenceNo: "423"
  orderId: "60981b32-18bb-4a78-9bd2-0e960be0b55d"
  contact: "880 802 (Walkin) [42348712-7daa-4c29-93b7-756b472429a4]"
2024-06-16 * "998 12345740 (PRESSUREWORKDESIGNCONSULTANTS) [205398a5-a6c5-4a09-938a-7308f6334f41]" "Bill Payment for Bill #999 #469fc7e2-ccf7-40b3-881d-eee19549cdcd"
  Liabilities:CurrentLiabilities:AccountPayable 9200.00 HKD
  contact: "998 12345740 (PRESSUREWORKDESIGNCONSULTANTS) [205398a5-a6c5-4a09-938a-7308f6334f41]"
  type: "Bill Payment"
  sourceId: "469fc7e2-ccf7-40b3-881d-eee19549cdcd"
  referenceNo: "999"
  orderId: "a194c8c6-18c7-487b-91ae-10a626c876d8"
  Assets:CurrentAssets:Cash:CashInHand -9200.00 HKD
  type: "Bill Payment"
  sourceId: "469fc7e2-ccf7-40b3-881d-eee19549cdcd"
  referenceNo: "999"
  orderId: "a194c8c6-18c7-487b-91ae-10a626c876d8"
2024-06-18 * "Bill #1242 G17 07月2024 租金"
  referenceNo: "1242"
  orderId: "f95a6017-3f8b-4942-967c-09af96f63b75"
  type: "Bill"
  Expenses:GeneralExpense:Rent 48000.00 HKD
  qty: "1"
  description: "G17 07月2024 租金"
  referenceNo: "1242"
  orderId: "f95a6017-3f8b-4942-967c-09af96f63b75"
  type: "Bill Item"
  sourceId: "74750a34-5b12-4cf5-8441-4c8cac07bd7a"
  Liabilities:CurrentLiabilities:AccountPayable
  referenceNo: "1242"
  orderId: "f95a6017-3f8b-4942-967c-09af96f63b75"
  type: "Bill"
  sourceId: "f95a6017-3f8b-4942-967c-09af96f63b75"
  contact: "880 806 ()"
2024-06-18 * "880 806 () [53b8789a-4451-4a1f-84f7-a9c5da7ada1a]" "Bill Payment for Bill #1242 #2f27d904-07c6-44ab-8299-28179e43fe46"
  Liabilities:CurrentLiabilities:AccountPayable 48000.00 HKD
  contact: "880 806 () [53b8789a-4451-4a1f-84f7-a9c5da7ada1a]"
  type: "Bill Payment"
  sourceId: "2f27d904-07c6-44ab-8299-28179e43fe46"
  referenceNo: "1242"
  orderId: "f95a6017-3f8b-4942-967c-09af96f63b75"
  Assets:CurrentAssets:Bank:BocCurrentBank -48000.00 HKD
  type: "Bill Payment"
  sourceId: "2f27d904-07c6-44ab-8299-28179e43fe46"
  referenceNo: "1242"
  orderId: "f95a6017-3f8b-4942-967c-09af96f63b75"
2024-06-19 * "Invoice #433 (PENDING) AA40011 (未入托的成本)"
  Income:Sales:SalesItem:SellBespokeorotherFee -0.00 HKD
  category: "Ring Setting"
  sku: "DD2024061400000001"
  qty: 1
  referenceNo: "433"
  orderId: "65d0a4a1-dd87-4bfb-93f6-59212317d816"
  type: "Invoice Item"
  sourceId: "6324c895-1401-43f8-8db2-65f5ad70b798"
  Income:Sales:SalesItem:SellDiamond -33500.00 HKD
  category: "Natural Diamond"
  sku: "DDFFFFFF0800005423450878"
  qty: 1
  referenceNo: "433"
  orderId: "65d0a4a1-dd87-4bfb-93f6-59212317d816"
  type: "Invoice Item"
  sourceId: "c345e779-59ef-4772-a6d4-6755c6436d42"
  Assets:CurrentAssets:AccountReceivable
  referenceNo: "433"
  orderId: "65d0a4a1-dd87-4bfb-93f6-59212317d816"
  type: "Invoice"
  sourceId: "65d0a4a1-dd87-4bfb-93f6-59212317d816"
  contact: "852 52665426 (YUMMY) [22a2be29-f4b7-41b7-a0eb-af626862ec69]"
2024-06-19 * "Assets:CurrentAssets:Cash:CashInHand" "Invoice Payment for Invoice #433 #b2cad055-1624-4bd8-b878-5fe8d2d3fc98"
  Assets:CurrentAssets:Cash:CashInHand 10000.00 HKD
  type: "Invoice Payment"
  sourceId: "b2cad055-1624-4bd8-b878-5fe8d2d3fc98"
  referenceNo: "433"
  orderId: "65d0a4a1-dd87-4bfb-93f6-59212317d816"
  Assets:CurrentAssets:AccountReceivable -10000.00 HKD
  type: "Invoice Payment"
  sourceId: "b2cad055-1624-4bd8-b878-5fe8d2d3fc98"
  referenceNo: "433"
  orderId: "65d0a4a1-dd87-4bfb-93f6-59212317d816"
  contact: "852 52665426 (YUMMY) [22a2be29-f4b7-41b7-a0eb-af626862ec69]"
2024-06-21 * "Bill #1243 06月2024年MPF"
  referenceNo: "1243"
  orderId: "5629f2e6-7ff3-4d88-9fe2-f5c1771e672d"
  type: "Bill"
  Expenses:GeneralExpense:Mpf 7100.00 HKD
  qty: "1"
  description: "06月2024年MPF"
  referenceNo: "1243"
  orderId: "5629f2e6-7ff3-4d88-9fe2-f5c1771e672d"
  type: "Bill Item"
  sourceId: "7ac7334d-0704-442f-917b-3b267bc56dd0"
  Liabilities:CurrentLiabilities:AccountPayable
  referenceNo: "1243"
  orderId: "5629f2e6-7ff3-4d88-9fe2-f5c1771e672d"
  type: "Bill"
  sourceId: "5629f2e6-7ff3-4d88-9fe2-f5c1771e672d"
  contact: "880 806 ()"
2024-06-21 * "880 806 () [53b8789a-4451-4a1f-84f7-a9c5da7ada1a]" "Bill Payment for Bill #1243 #ee8f4e49-7c52-4d2d-acc0-6315d3a5c586"
  Liabilities:CurrentLiabilities:AccountPayable 7100.00 HKD
  contact: "880 806 () [53b8789a-4451-4a1f-84f7-a9c5da7ada1a]"
  type: "Bill Payment"
  sourceId: "ee8f4e49-7c52-4d2d-acc0-6315d3a5c586"
  referenceNo: "1243"
  orderId: "5629f2e6-7ff3-4d88-9fe2-f5c1771e672d"
  Assets:CurrentAssets:Bank:BocCurrentBank -7100.00 HKD
  type: "Bill Payment"
  sourceId: "ee8f4e49-7c52-4d2d-acc0-6315d3a5c586"
  referenceNo: "1243"
  orderId: "5629f2e6-7ff3-4d88-9fe2-f5c1771e672d"
2024-06-23 * "Invoice #426 Staff~ 余哥"
  Income:Sales:SalesItem:SellGoldJewelry -5200.00 HKD
  category: "Gold Jewelry"
  sku: "DDFF23051703000000000032"
  qty: 1
  referenceNo: "426"
  orderId: "b4a6b4ca-b782-47da-8263-67947366079a"
  type: "Invoice Item"
  sourceId: "a0a73062-9226-468e-bb03-4debcf8d20b2"
  Assets:CurrentAssets:AccountReceivable
  referenceNo: "426"
  orderId: "b4a6b4ca-b782-47da-8263-67947366079a"
  type: "Invoice"
  sourceId: "b4a6b4ca-b782-47da-8263-67947366079a"
  contact: "852 98340919 (余志樑) [f79372f7-93f5-4984-b40e-362db7c62359]"
2024-06-23 * "Invoice #427 Staff~ 余哥"
  Income:Sales:SalesItem:SellGoldJewelry -2800.00 HKD
  category: "Gold Jewelry"
  sku: "DDFF23051707000000000003"
  qty: 1
  referenceNo: "427"
  orderId: "9a650d5a-ccf2-4dbe-a726-02a58785864a"
  type: "Invoice Item"
  sourceId: "50bb0fd0-c467-4c1c-b102-3e2a23291b86"
  Assets:CurrentAssets:AccountReceivable
  referenceNo: "427"
  orderId: "9a650d5a-ccf2-4dbe-a726-02a58785864a"
  type: "Invoice"
  sourceId: "9a650d5a-ccf2-4dbe-a726-02a58785864a"
  contact: "852 98340919 (余志樑) [f79372f7-93f5-4984-b40e-362db7c62359]"
2024-06-23 * "Invoice #425 Staff~ 余哥"
  Income:Sales:SalesItem:SellGoldJewelry -2300.00 HKD
  category: "Gold Jewelry"
  sku: "DDFF23051202000000000006"
  qty: 1
  referenceNo: "425"
  orderId: "91b27de0-03b9-4042-beb8-e02990dd0596"
  type: "Invoice Item"
  sourceId: "9d5407cf-8c24-4d2f-984f-9981b52aa94d"
  Assets:CurrentAssets:AccountReceivable
  referenceNo: "425"
  orderId: "91b27de0-03b9-4042-beb8-e02990dd0596"
  type: "Invoice"
  sourceId: "91b27de0-03b9-4042-beb8-e02990dd0596"
  contact: "852 98340919 (余志樑) [f79372f7-93f5-4984-b40e-362db7c62359]"
2024-06-23 * "Assets:CurrentAssets:Cash:CashInHand" "Invoice Payment for Invoice #425 #58cab2c3-9799-4863-9261-4a10c6606394"
  Assets:CurrentAssets:Cash:CashInHand 2300.00 HKD
  type: "Invoice Payment"
  sourceId: "58cab2c3-9799-4863-9261-4a10c6606394"
  referenceNo: "425"
  orderId: "91b27de0-03b9-4042-beb8-e02990dd0596"
  Assets:CurrentAssets:AccountReceivable -2300.00 HKD
  type: "Invoice Payment"
  sourceId: "58cab2c3-9799-4863-9261-4a10c6606394"
  referenceNo: "425"
  orderId: "91b27de0-03b9-4042-beb8-e02990dd0596"
  contact: "852 98340919 (余志樑) [f79372f7-93f5-4984-b40e-362db7c62359]"
2024-06-23 * "Assets:CurrentAssets:Cash:CashInHand" "Invoice Payment for Invoice #426 #6a84e26d-b977-450f-9670-7b9e0c95d28a"
  Assets:CurrentAssets:Cash:CashInHand 5200.00 HKD
  type: "Invoice Payment"
  sourceId: "6a84e26d-b977-450f-9670-7b9e0c95d28a"
  referenceNo: "426"
  orderId: "b4a6b4ca-b782-47da-8263-67947366079a"
  Assets:CurrentAssets:AccountReceivable -5200.00 HKD
  type: "Invoice Payment"
  sourceId: "6a84e26d-b977-450f-9670-7b9e0c95d28a"
  referenceNo: "426"
  orderId: "b4a6b4ca-b782-47da-8263-67947366079a"
  contact: "852 98340919 (余志樑) [f79372f7-93f5-4984-b40e-362db7c62359]"
2024-06-23 * "Assets:CurrentAssets:Cash:CashInHand" "Invoice Payment for Invoice #427 #ca32e42c-831a-41a7-bf2b-31f443eb6499"
  Assets:CurrentAssets:Cash:CashInHand 2800.00 HKD
  type: "Invoice Payment"
  sourceId: "ca32e42c-831a-41a7-bf2b-31f443eb6499"
  referenceNo: "427"
  orderId: "9a650d5a-ccf2-4dbe-a726-02a58785864a"
  Assets:CurrentAssets:AccountReceivable -2800.00 HKD
  type: "Invoice Payment"
  sourceId: "ca32e42c-831a-41a7-bf2b-31f443eb6499"
  referenceNo: "427"
  orderId: "9a650d5a-ccf2-4dbe-a726-02a58785864a"
  contact: "852 98340919 (余志樑) [f79372f7-93f5-4984-b40e-362db7c62359]"
2024-06-24 * "Invoice #429 Stock B2319 (gold)32.85*547.95"
  Income:Sales:SalesItem:SellGoldJewelry -18000.00 HKD
  category: "Gold Jewelry"
  sku: "DDFF23051204000000000026"
  qty: 1
  referenceNo: "429"
  orderId: "eeed74b6-df2c-4dbc-a082-3d727345d044"
  type: "Invoice Item"
  sourceId: "e28dab8b-10c0-43b4-9553-ef054b7f7ef1"
  Assets:CurrentAssets:AccountReceivable
  referenceNo: "429"
  orderId: "eeed74b6-df2c-4dbc-a082-3d727345d044"
  type: "Invoice"
  sourceId: "eeed74b6-df2c-4dbc-a082-3d727345d044"
  contact: "852 60371366 (mscheung) [56824750-6959-43c1-91c5-ee528c28bda8]"
2024-06-24 * "Assets:CurrentAssets:Cash:CashInHand" "Invoice Payment for Invoice #429 #bee64028-75ba-43f4-9e93-4a143544dd54"
  Assets:CurrentAssets:Cash:CashInHand 18000.00 HKD
  type: "Invoice Payment"
  sourceId: "bee64028-75ba-43f4-9e93-4a143544dd54"
  referenceNo: "429"
  orderId: "eeed74b6-df2c-4dbc-a082-3d727345d044"
  Assets:CurrentAssets:AccountReceivable -18000.00 HKD
  type: "Invoice Payment"
  sourceId: "bee64028-75ba-43f4-9e93-4a143544dd54"
  referenceNo: "429"
  orderId: "eeed74b6-df2c-4dbc-a082-3d727345d044"
  contact: "852 60371366 (mscheung) [56824750-6959-43c1-91c5-ee528c28bda8]"
2024-06-25 * "Invoice #430 Stock R2319 (gold)"
  Income:Sales:SalesItem:SellGoldJewelry -880.00 HKD
  category: "Gold Jewelry"
  sku: "DD2310200000000000000079"
  qty: 1
  referenceNo: "430"
  orderId: "1ee450ee-70aa-4da6-a89a-6b6619fe38f2"
  type: "Invoice Item"
  sourceId: "b9342132-9b11-45e3-a7b9-6a7804c300d8"
  Assets:CurrentAssets:AccountReceivable
  referenceNo: "430"
  orderId: "1ee450ee-70aa-4da6-a89a-6b6619fe38f2"
  type: "Invoice"
  sourceId: "1ee450ee-70aa-4da6-a89a-6b6619fe38f2"
  contact: "852 60371366 (mscheung) [56824750-6959-43c1-91c5-ee528c28bda8]"
2024-06-25 * "Bill #1053 淘寶雜類 (24年6月) (paid by visa)"
  referenceNo: "1053"
  orderId: "fe611b1a-87d8-4699-ac91-d59d5bc135a6"
  type: "Bill"
  Expenses:GeneralExpense:Subscriptions 78.00 HKD
  qty: "1"
  description: "Microsoft*Microsoft (5.27)"
  referenceNo: "1053"
  orderId: "fe611b1a-87d8-4699-ac91-d59d5bc135a6"
  type: "Bill Item"
  sourceId: "486eede6-4630-4b65-b061-7f3b1f5da6f7"
  Expenses:GeneralExpense:GeneralExpensesDirect 2501.85 HKD
  qty: "1"
  description: "淘寶雜類"
  referenceNo: "1053"
  orderId: "fe611b1a-87d8-4699-ac91-d59d5bc135a6"
  type: "Bill Item"
  sourceId: "9f246754-d3a5-4615-a8af-b87455054f82"
  Liabilities:CurrentLiabilities:CurrentAccount:C-a-MilwaysGoldLimited 63727.18 HKD
  qty: "1"
  description: "417裝修物資 淘寶"
  referenceNo: "1053"
  orderId: "fe611b1a-87d8-4699-ac91-d59d5bc135a6"
  type: "Bill Item"
  sourceId: "7ec72786-8b69-4e75-a57f-4e161b9a3781"
  Expenses:GeneralExpense:Subscriptions 159.23 HKD
  qty: "1"
  description: "VERCEL INC. USD 20"
  referenceNo: "1053"
  orderId: "fe611b1a-87d8-4699-ac91-d59d5bc135a6"
  type: "Bill Item"
  sourceId: "1ebcbd9e-4982-40ee-8f56-9effbf4b3ad5"
  Liabilities:CurrentLiabilities:AccountPayable
  referenceNo: "1053"
  orderId: "fe611b1a-87d8-4699-ac91-d59d5bc135a6"
  type: "Bill"
  sourceId: "fe611b1a-87d8-4699-ac91-d59d5bc135a6"
  contact: "880 806 ()"
2024-06-25 * "Assets:CurrentAssets:Cash:CashInHand" "Invoice Payment for Invoice #430 #6420c2a6-ebf7-46d9-a830-f4cc0118bed0"
  Assets:CurrentAssets:Cash:CashInHand 880.00 HKD
  type: "Invoice Payment"
  sourceId: "6420c2a6-ebf7-46d9-a830-f4cc0118bed0"
  referenceNo: "430"
  orderId: "1ee450ee-70aa-4da6-a89a-6b6619fe38f2"
  Assets:CurrentAssets:AccountReceivable -880.00 HKD
  type: "Invoice Payment"
  sourceId: "6420c2a6-ebf7-46d9-a830-f4cc0118bed0"
  referenceNo: "430"
  orderId: "1ee450ee-70aa-4da6-a89a-6b6619fe38f2"
  contact: "852 60371366 (mscheung) [56824750-6959-43c1-91c5-ee528c28bda8]"
2024-06-25 * "880 806 () [53b8789a-4451-4a1f-84f7-a9c5da7ada1a]" "Bill Payment for Bill #1053 #73079b4d-e527-46d2-9208-212a69aaeb8e"
  Liabilities:CurrentLiabilities:AccountPayable 63727.18 HKD
  contact: "880 806 () [53b8789a-4451-4a1f-84f7-a9c5da7ada1a]"
  type: "Bill Payment"
  sourceId: "73079b4d-e527-46d2-9208-212a69aaeb8e"
  referenceNo: "1053"
  orderId: "fe611b1a-87d8-4699-ac91-d59d5bc135a6"
  Assets:CurrentAssets:Bank:BocVisaCard-DavidBank -63727.18 HKD
  type: "Bill Payment"
  sourceId: "73079b4d-e527-46d2-9208-212a69aaeb8e"
  referenceNo: "1053"
  orderId: "fe611b1a-87d8-4699-ac91-d59d5bc135a6"
2024-06-25 * "880 806 () [53b8789a-4451-4a1f-84f7-a9c5da7ada1a]" "Bill Payment for Bill #1053 #48a6c9ba-4e2b-4bc3-a1ba-e1980cba3c21"
  Liabilities:CurrentLiabilities:AccountPayable 2739.08 HKD
  contact: "880 806 () [53b8789a-4451-4a1f-84f7-a9c5da7ada1a]"
  type: "Bill Payment"
  sourceId: "48a6c9ba-4e2b-4bc3-a1ba-e1980cba3c21"
  referenceNo: "1053"
  orderId: "fe611b1a-87d8-4699-ac91-d59d5bc135a6"
  Assets:CurrentAssets:Bank:BocVisaCard-DavidBank -2739.08 HKD
  type: "Bill Payment"
  sourceId: "48a6c9ba-4e2b-4bc3-a1ba-e1980cba3c21"
  referenceNo: "1053"
  orderId: "fe611b1a-87d8-4699-ac91-d59d5bc135a6"
2024-06-26 * "Invoice #475 EPS 退還按金"
  Assets:OtherAssets:Deposit押金 -1100.00 HKD
  description: "EPS 退還按金"
  qty: 1
  referenceNo: "475"
  orderId: "a8bf0176-1e42-4fbd-9b59-ed42669e40a2"
  type: "Invoice Item"
  sourceId: "55a4540b-2ec9-43c7-a358-a345b11568b2"
  Assets:CurrentAssets:AccountReceivable
  referenceNo: "475"
  orderId: "a8bf0176-1e42-4fbd-9b59-ed42669e40a2"
  type: "Invoice"
  sourceId: "a8bf0176-1e42-4fbd-9b59-ed42669e40a2"
  contact: "880 806 () [53b8789a-4451-4a1f-84f7-a9c5da7ada1a]"
2024-06-26 * "Invoice #428 Staff~ Stock B23189 (gold) 23.15*518.36 "
  Income:Sales:SalesItem:SellGoldJewelry -12000.00 HKD
  category: "Gold Jewelry"
  sku: "DD2310200000000000000213"
  qty: 1
  referenceNo: "428"
  orderId: "067c6913-aea8-4992-91b4-1f3e5be265e6"
  type: "Invoice Item"
  sourceId: "6230913a-ec6b-4a6b-bdbc-828ef3da63a2"
  Assets:CurrentAssets:AccountReceivable
  referenceNo: "428"
  orderId: "067c6913-aea8-4992-91b4-1f3e5be265e6"
  type: "Invoice"
  sourceId: "067c6913-aea8-4992-91b4-1f3e5be265e6"
  contact: "880 802 (Walkin) [42348712-7daa-4c29-93b7-756b472429a4]"
2024-06-26 * "Assets:CurrentAssets:Bank:BocSavingBank" "Invoice Payment for Invoice #475 #31c99bbb-a9fb-4511-8856-6467d1896050"
  Assets:CurrentAssets:Bank:BocSavingBank 1100.00 HKD
  type: "Invoice Payment"
  sourceId: "31c99bbb-a9fb-4511-8856-6467d1896050"
  referenceNo: "475"
  orderId: "a8bf0176-1e42-4fbd-9b59-ed42669e40a2"
  Assets:CurrentAssets:AccountReceivable -1100.00 HKD
  type: "Invoice Payment"
  sourceId: "31c99bbb-a9fb-4511-8856-6467d1896050"
  referenceNo: "475"
  orderId: "a8bf0176-1e42-4fbd-9b59-ed42669e40a2"
  contact: "880 806 () [53b8789a-4451-4a1f-84f7-a9c5da7ada1a]"
2024-06-26 * "Assets:CurrentAssets:Cash:CashInHand" "Invoice Payment for Invoice #428 #1860585e-691a-4658-97cf-8bb1cef8bf75"
  Assets:CurrentAssets:Cash:CashInHand 12000.00 HKD
  type: "Invoice Payment"
  sourceId: "1860585e-691a-4658-97cf-8bb1cef8bf75"
  referenceNo: "428"
  orderId: "067c6913-aea8-4992-91b4-1f3e5be265e6"
  Assets:CurrentAssets:AccountReceivable -12000.00 HKD
  type: "Invoice Payment"
  sourceId: "1860585e-691a-4658-97cf-8bb1cef8bf75"
  referenceNo: "428"
  orderId: "067c6913-aea8-4992-91b4-1f3e5be265e6"
  contact: "880 802 (Walkin) [42348712-7daa-4c29-93b7-756b472429a4]"
2024-06-27 * "Bill #1073 AE Credit Card payment (24年06月)"
  referenceNo: "1073"
  orderId: "5d3ad37b-4ca3-4660-8036-cefffc100139"
  type: "Bill"
  Expenses:GeneralExpense:Subscriptions 102.67 HKD
  qty: "1"
  description: "DUO.COM 19.5 ( 2.9)"
  referenceNo: "1073"
  orderId: "5d3ad37b-4ca3-4660-8036-cefffc100139"
  type: "Bill Item"
  sourceId: "eef13cd3-3552-4e4c-9fb4-5578e56bd100"
  Expenses:GeneralExpense:Subscriptions 718.31 HKD
  qty: "1"
  description: "DUO.COM 2.6 (90)"
  referenceNo: "1073"
  orderId: "5d3ad37b-4ca3-4660-8036-cefffc100139"
  type: "Bill Item"
  sourceId: "313a47e3-000f-4985-aa0f-eab5f4f1d585"
  Expenses:GeneralExpense:Subscriptions 1035.55 HKD
  qty: "1"
  description: "BT SEMRUSH 8.6 (129.95)"
  referenceNo: "1073"
  orderId: "5d3ad37b-4ca3-4660-8036-cefffc100139"
  type: "Bill Item"
  sourceId: "7700186d-4267-47ff-96b2-ea7b555199aa"
  Liabilities:CurrentLiabilities:AccountPayable
  referenceNo: "1073"
  orderId: "5d3ad37b-4ca3-4660-8036-cefffc100139"
  type: "Bill"
  sourceId: "5d3ad37b-4ca3-4660-8036-cefffc100139"
  contact: "880 806 ()"
2024-06-27 * "880 806 () [53b8789a-4451-4a1f-84f7-a9c5da7ada1a]" "Bill Payment for Bill #1073 #4becb18d-6ddb-452d-b502-f35575c44209"
  Liabilities:CurrentLiabilities:AccountPayable 1856.53 HKD
  contact: "880 806 () [53b8789a-4451-4a1f-84f7-a9c5da7ada1a]"
  type: "Bill Payment"
  sourceId: "4becb18d-6ddb-452d-b502-f35575c44209"
  referenceNo: "1073"
  orderId: "5d3ad37b-4ca3-4660-8036-cefffc100139"
  Assets:CurrentAssets:Bank:BocSavingBank -1856.53 HKD
  type: "Bill Payment"
  sourceId: "4becb18d-6ddb-452d-b502-f35575c44209"
  referenceNo: "1073"
  orderId: "5d3ad37b-4ca3-4660-8036-cefffc100139"
2024-06-27 * "Invoice #431 Stock B23190 (gold) Tour"
  Income:Sales:SalesItem:SellGoldJewelry -13300.00 HKD
  category: "Gold Jewelry"
  sku: "DD2310200000000000000214"
  qty: 1
  referenceNo: "431"
  orderId: "6120c9b1-48de-47d9-8e2f-7e5fb4d8ae64"
  type: "Invoice Item"
  sourceId: "278272e6-3c18-4eb9-a783-e22442bd4587"
  Assets:CurrentAssets:AccountReceivable
  referenceNo: "431"
  orderId: "6120c9b1-48de-47d9-8e2f-7e5fb4d8ae64"
  type: "Invoice"
  sourceId: "6120c9b1-48de-47d9-8e2f-7e5fb4d8ae64"
  contact: "880 802 (Walkin) [42348712-7daa-4c29-93b7-756b472429a4]"
2024-06-27 * "Assets:CurrentAssets:Cash:CashInHand" "Invoice Payment for Invoice #431 #d36b162c-4c4b-43a4-9e66-67b027f923fc"
  Assets:CurrentAssets:Cash:CashInHand 13300.00 HKD
  type: "Invoice Payment"
  sourceId: "d36b162c-4c4b-43a4-9e66-67b027f923fc"
  referenceNo: "431"
  orderId: "6120c9b1-48de-47d9-8e2f-7e5fb4d8ae64"
  Assets:CurrentAssets:AccountReceivable -13300.00 HKD
  type: "Invoice Payment"
  sourceId: "d36b162c-4c4b-43a4-9e66-67b027f923fc"
  referenceNo: "431"
  orderId: "6120c9b1-48de-47d9-8e2f-7e5fb4d8ae64"
  contact: "880 802 (Walkin) [42348712-7daa-4c29-93b7-756b472429a4]"
2024-06-28 * "Bill #1037 G17上網(2024-7月)"
  referenceNo: "1037"
  orderId: "841fe573-d71e-49b4-ad3c-2fbc9d25e71b"
  type: "Bill"
  Expenses:GeneralExpense:TelephoneAndInternetAndAlarm 338.00 HKD
  qty: "1"
  description: "G17上網(2024-7月)"
  referenceNo: "1037"
  orderId: "841fe573-d71e-49b4-ad3c-2fbc9d25e71b"
  type: "Bill Item"
  sourceId: "0236f669-94ea-4173-8391-a91fcf1d982e"
  Liabilities:CurrentLiabilities:AccountPayable
  referenceNo: "1037"
  orderId: "841fe573-d71e-49b4-ad3c-2fbc9d25e71b"
  type: "Bill"
  sourceId: "841fe573-d71e-49b4-ad3c-2fbc9d25e71b"
  contact: "880 806 ()"
2024-06-28 * "Bill #1074 SALARY 24年6月"
  referenceNo: "1074"
  orderId: "ee201957-ce94-4bc0-9704-240816615bd8"
  type: "Bill"
  Expenses:GeneralExpense:WagesAndSalaries 67450.00 HKD
  qty: "1"
  description: "SALARY 24年6月"
  referenceNo: "1074"
  orderId: "ee201957-ce94-4bc0-9704-240816615bd8"
  type: "Bill Item"
  sourceId: "42b691b5-5c52-45b3-92a2-338b854e7060"
  Expenses:GeneralExpense:BankFeesExpense 2.10 HKD
  qty: "1"
  description: "SALARY 24年6月(BANK FEE)"
  referenceNo: "1074"
  orderId: "ee201957-ce94-4bc0-9704-240816615bd8"
  type: "Bill Item"
  sourceId: "bda64f9e-480a-457a-b0bb-4cfbf00d939d"
  Liabilities:CurrentLiabilities:AccountPayable
  referenceNo: "1074"
  orderId: "ee201957-ce94-4bc0-9704-240816615bd8"
  type: "Bill"
  sourceId: "ee201957-ce94-4bc0-9704-240816615bd8"
  contact: "880 806 ()"
2024-06-28 * "880 806 () [53b8789a-4451-4a1f-84f7-a9c5da7ada1a]" "Bill Payment for Bill #1074 #13862bbd-d2b6-4287-82db-fcbb117636a8"
  Liabilities:CurrentLiabilities:AccountPayable 67450.00 HKD
  contact: "880 806 () [53b8789a-4451-4a1f-84f7-a9c5da7ada1a]"
  type: "Bill Payment"
  sourceId: "13862bbd-d2b6-4287-82db-fcbb117636a8"
  referenceNo: "1074"
  orderId: "ee201957-ce94-4bc0-9704-240816615bd8"
  Assets:CurrentAssets:Bank:BocSavingBank -67450.00 HKD
  type: "Bill Payment"
  sourceId: "13862bbd-d2b6-4287-82db-fcbb117636a8"
  referenceNo: "1074"
  orderId: "ee201957-ce94-4bc0-9704-240816615bd8"
2024-06-28 * "880 806 () [53b8789a-4451-4a1f-84f7-a9c5da7ada1a]" "Bill Payment for Bill #1074 #17babd88-0d1e-4161-9b8a-b2b3356e0a94"
  Liabilities:CurrentLiabilities:AccountPayable 2.10 HKD
  contact: "880 806 () [53b8789a-4451-4a1f-84f7-a9c5da7ada1a]"
  type: "Bill Payment"
  sourceId: "17babd88-0d1e-4161-9b8a-b2b3356e0a94"
  referenceNo: "1074"
  orderId: "ee201957-ce94-4bc0-9704-240816615bd8"
  Assets:CurrentAssets:Bank:BocSavingBank -2.10 HKD
  type: "Bill Payment"
  sourceId: "17babd88-0d1e-4161-9b8a-b2b3356e0a94"
  referenceNo: "1074"
  orderId: "ee201957-ce94-4bc0-9704-240816615bd8"
2024-06-29 * "Invoice #435 R24125/R24126 #16"
  Income:Sales:SalesItem:Sell18kJewelry -2500.00 HKD
  category: "Jewelry"
  sku: "DD2024071500000004"
  qty: 1
  referenceNo: "435"
  orderId: "0deea509-3557-421a-9a9a-1ebf29081045"
  type: "Invoice Item"
  sourceId: "511b2c6b-bb16-4f6a-8559-727d29cf50b5"
  Income:Sales:SalesItem:Sell18kJewelry -2500.00 HKD
  category: "Jewelry"
  sku: "DD2024071500000002"
  qty: 1
  referenceNo: "435"
  orderId: "0deea509-3557-421a-9a9a-1ebf29081045"
  type: "Invoice Item"
  sourceId: "1da424c5-e07d-43a4-aab6-b8a5c67ca6fa"
  Assets:CurrentAssets:AccountReceivable
  referenceNo: "435"
  orderId: "0deea509-3557-421a-9a9a-1ebf29081045"
  type: "Invoice"
  sourceId: "0deea509-3557-421a-9a9a-1ebf29081045"
  contact: "852 68274069 (MsElaineTsui) [cf3d7489-fd01-4a3f-b3aa-5330e13f0353]"
2024-06-29 * "Assets:CurrentAssets:Bank:BocSavingBank" "Invoice Payment for Invoice #435 #dfb674ef-ef89-49f4-a956-25701654ceba"
  Assets:CurrentAssets:Bank:BocSavingBank 5000.00 HKD
  type: "Invoice Payment"
  sourceId: "dfb674ef-ef89-49f4-a956-25701654ceba"
  referenceNo: "435"
  orderId: "0deea509-3557-421a-9a9a-1ebf29081045"
  Assets:CurrentAssets:AccountReceivable -5000.00 HKD
  type: "Invoice Payment"
  sourceId: "dfb674ef-ef89-49f4-a956-25701654ceba"
  referenceNo: "435"
  orderId: "0deea509-3557-421a-9a9a-1ebf29081045"
  contact: "852 68274069 (MsElaineTsui) [cf3d7489-fd01-4a3f-b3aa-5330e13f0353]"
2024-06-29 * "880 806 () [53b8789a-4451-4a1f-84f7-a9c5da7ada1a]" "Bill Payment for Bill #1037 #12208da0-a2a6-4307-914b-f8f4427ff5ae"
  Liabilities:CurrentLiabilities:AccountPayable 338.00 HKD
  contact: "880 806 () [53b8789a-4451-4a1f-84f7-a9c5da7ada1a]"
  type: "Bill Payment"
  sourceId: "12208da0-a2a6-4307-914b-f8f4427ff5ae"
  referenceNo: "1037"
  orderId: "841fe573-d71e-49b4-ad3c-2fbc9d25e71b"
  Liabilities:CurrentLiabilities:CurrentAccount:C-a-MilrichElectronicsHkCoLtd -338.00 HKD
  type: "Bill Payment"
  sourceId: "12208da0-a2a6-4307-914b-f8f4427ff5ae"
  referenceNo: "1037"
  orderId: "841fe573-d71e-49b4-ad3c-2fbc9d25e71b"
2024-06-30 * "Invoice #477 INTEREST"
  Income:OtherIncome:Interest-bank -277.90 HKD
  description: "INTEREST"
  qty: 1
  referenceNo: "477"
  orderId: "7f1dc833-687b-4653-a93a-3896888f5622"
  type: "Invoice Item"
  sourceId: "98ea7723-0368-4849-bf66-9973b71d1d4a"
  Assets:CurrentAssets:AccountReceivable
  referenceNo: "477"
  orderId: "7f1dc833-687b-4653-a93a-3896888f5622"
  type: "Invoice"
  sourceId: "7f1dc833-687b-4653-a93a-3896888f5622"
  contact: "998 12345835 (boc(bankofchina)) [82f385a7-d238-4826-9a12-e06648f93cdb]"
2024-06-30 * "Invoice #670 Rebate From ICmarket 2024-06"
  Income:OtherIncome:RebateFromLp -1069.11 USDT
  description: "Manual (Back office) 06-01至06-30"
  qty: 1
  referenceNo: "670"
  orderId: "79cf2285-e428-4cb5-874a-3b0e7f07ac2f"
  type: "Invoice Item"
  sourceId: "2d5eb511-a0dd-4b2e-b761-8277b11a1213"
  Assets:CurrentAssets:AccountReceivable
  referenceNo: "670"
  orderId: "79cf2285-e428-4cb5-874a-3b0e7f07ac2f"
  type: "Invoice"
  sourceId: "79cf2285-e428-4cb5-874a-3b0e7f07ac2f"
  contact: "852 666666 (icmarket) [666112b8-2856-4ed8-8370-eb4b911be7b5]"
2024-06-30 * "Invoice #457 Income of Hedging(金) 2024-06"
  Income:OtherIncome:IncomeOfHedging金 -333222.96 USDT
  description: "Closed Trade P/L"
  qty: 1
  referenceNo: "457"
  orderId: "4f96c77c-4f67-43a5-a9e6-6d1f5fcffcd0"
  type: "Invoice Item"
  sourceId: "e6563dab-1d37-4dda-ad86-e61f80906137"
  Assets:CurrentAssets:AccountReceivable
  referenceNo: "457"
  orderId: "4f96c77c-4f67-43a5-a9e6-6d1f5fcffcd0"
  type: "Invoice"
  sourceId: "4f96c77c-4f67-43a5-a9e6-6d1f5fcffcd0"
  contact: "852 666666 (icmarket) [666112b8-2856-4ed8-8370-eb4b911be7b5]"
2024-06-30 * "Bill #1224 Assist MW in hedging used Icmarket acc 2024-06"
  referenceNo: "1224"
  orderId: "d3f7537a-9149-4188-982a-529b75c812fe"
  type: "Bill"
  Income:OtherIncome:AssistHedging金 333222.96 USDT
  qty: "1"
  description: "assist MW in hedging used Icmarket acc 2024.0601-0630"
  referenceNo: "1224"
  orderId: "d3f7537a-9149-4188-982a-529b75c812fe"
  type: "Bill Item"
  sourceId: "05732d11-ac39-4ed8-9db4-faf6241e3326"
  Liabilities:CurrentLiabilities:AccountPayable
  referenceNo: "1224"
  orderId: "d3f7537a-9149-4188-982a-529b75c812fe"
  type: "Bill"
  sourceId: "d3f7537a-9149-4188-982a-529b75c812fe"
  contact: "852 62244422 (MilwaysGoldLtd萬寶黄金有限公司)"
2024-06-30 * "Bill #1206 Kpay 06/24 手續費"
  referenceNo: "1206"
  orderId: "e8b1a4da-acfd-49d8-92e5-8d4e15ff9061"
  type: "Bill"
  Expenses:GeneralExpense:CardFeeExpense 133.00 HKD
  qty: "1"
  description: "kpay134 (8800-8667=133)"
  referenceNo: "1206"
  orderId: "e8b1a4da-acfd-49d8-92e5-8d4e15ff9061"
  type: "Bill Item"
  sourceId: "6b1296c4-1b80-4ae2-aa21-d4bec30737bd"
  Liabilities:CurrentLiabilities:AccountPayable
  referenceNo: "1206"
  orderId: "e8b1a4da-acfd-49d8-92e5-8d4e15ff9061"
  type: "Bill"
  sourceId: "e8b1a4da-acfd-49d8-92e5-8d4e15ff9061"
  contact: "998 12345821 (KPAY)"
2024-06-30 * "Assets:CurrentAssets:Bank:BocSavingBank" "Invoice Payment for Invoice #436 #78ada5b9-a496-4c54-8eeb-89f7a92dac40"
  Assets:CurrentAssets:Bank:BocSavingBank 2500.00 HKD
  type: "Invoice Payment"
  sourceId: "78ada5b9-a496-4c54-8eeb-89f7a92dac40"
  referenceNo: "436"
  orderId: "b8c08d6e-44a1-409b-95b2-25cb2454e91a"
  Assets:CurrentAssets:AccountReceivable -2500.00 HKD
  type: "Invoice Payment"
  sourceId: "78ada5b9-a496-4c54-8eeb-89f7a92dac40"
  referenceNo: "436"
  orderId: "b8c08d6e-44a1-409b-95b2-25cb2454e91a"
  contact: "852 51866721 (MsAnnaLai) [8b747e84-781f-43f9-8f8e-fb917342d6fe]"
2024-06-30 * "Assets:CurrentAssets:Bank:BocSavingBank" "Invoice Payment for Invoice #477 #22eee0ff-be00-4783-9b6e-5b54931fc9c8"
  Assets:CurrentAssets:Bank:BocSavingBank 277.90 HKD
  type: "Invoice Payment"
  sourceId: "22eee0ff-be00-4783-9b6e-5b54931fc9c8"
  referenceNo: "477"
  orderId: "7f1dc833-687b-4653-a93a-3896888f5622"
  Assets:CurrentAssets:AccountReceivable -277.90 HKD
  type: "Invoice Payment"
  sourceId: "22eee0ff-be00-4783-9b6e-5b54931fc9c8"
  referenceNo: "477"
  orderId: "7f1dc833-687b-4653-a93a-3896888f5622"
  contact: "998 12345835 (boc(bankofchina)) [82f385a7-d238-4826-9a12-e06648f93cdb]"
2024-06-30 * "Assets:CurrentAssets:E-tradingPlatform:Mt4320039271金" "Invoice Payment for Invoice #670 #af58728a-1d1a-4726-a98b-1907064b402e"
  Assets:CurrentAssets:E-tradingPlatform:Mt4320039271金 1069.11 USDT
  type: "Invoice Payment"
  sourceId: "af58728a-1d1a-4726-a98b-1907064b402e"
  referenceNo: "670"
  orderId: "79cf2285-e428-4cb5-874a-3b0e7f07ac2f"
  Assets:CurrentAssets:AccountReceivable -1069.11 USDT
  type: "Invoice Payment"
  sourceId: "af58728a-1d1a-4726-a98b-1907064b402e"
  referenceNo: "670"
  orderId: "79cf2285-e428-4cb5-874a-3b0e7f07ac2f"
  contact: "852 666666 (icmarket) [666112b8-2856-4ed8-8370-eb4b911be7b5]"
2024-06-30 * "Assets:CurrentAssets:E-tradingPlatform:Mt4320039271金" "Invoice Payment for Invoice #457 #8842aac7-a7be-45af-82b7-2a219f1fb9ed"
  Assets:CurrentAssets:E-tradingPlatform:Mt4320039271金 333222.96 USDT
  type: "Invoice Payment"
  sourceId: "8842aac7-a7be-45af-82b7-2a219f1fb9ed"
  referenceNo: "457"
  orderId: "4f96c77c-4f67-43a5-a9e6-6d1f5fcffcd0"
  Assets:CurrentAssets:AccountReceivable -333222.96 USDT
  type: "Invoice Payment"
  sourceId: "8842aac7-a7be-45af-82b7-2a219f1fb9ed"
  referenceNo: "457"
  orderId: "4f96c77c-4f67-43a5-a9e6-6d1f5fcffcd0"
  contact: "852 666666 (icmarket) [666112b8-2856-4ed8-8370-eb4b911be7b5]"
2024-06-30 * "998 12345821 (KPAY) [5a706f32-7edc-48d8-ae47-62fee1e8bba1]" "Bill Payment for Bill #1206 #c2396004-70e4-4248-afe6-bccdd111cff0"
  Liabilities:CurrentLiabilities:AccountPayable 133.00 HKD
  contact: "998 12345821 (KPAY) [5a706f32-7edc-48d8-ae47-62fee1e8bba1]"
  type: "Bill Payment"
  sourceId: "c2396004-70e4-4248-afe6-bccdd111cff0"
  referenceNo: "1206"
  orderId: "e8b1a4da-acfd-49d8-92e5-8d4e15ff9061"
  Assets:CurrentAssets:Bank:KpayBank -133.00 HKD
  type: "Bill Payment"
  sourceId: "c2396004-70e4-4248-afe6-bccdd111cff0"
  referenceNo: "1206"
  orderId: "e8b1a4da-acfd-49d8-92e5-8d4e15ff9061"
2024-06-30 * "852 62244422 (MilwaysGoldLtd萬寶黄金有限公司) [2dcfeea3-ab5e-40a3-a0af-00101f3873fa]" "Bill Payment for Bill #1224 #df8fe14f-230c-419a-a9e7-3c9ad330a9db"
  Liabilities:CurrentLiabilities:AccountPayable 333222.96 USDT
  contact: "852 62244422 (MilwaysGoldLtd萬寶黄金有限公司) [2dcfeea3-ab5e-40a3-a0af-00101f3873fa]"
  type: "Bill Payment"
  sourceId: "df8fe14f-230c-419a-a9e7-3c9ad330a9db"
  referenceNo: "1224"
  orderId: "d3f7537a-9149-4188-982a-529b75c812fe"
  Assets:CurrentAssets:Wallet:DkkCWallet金料 -333222.96 USDT
  type: "Bill Payment"
  sourceId: "df8fe14f-230c-419a-a9e7-3c9ad330a9db"
  referenceNo: "1224"
  orderId: "d3f7537a-9149-4188-982a-529b75c812fe"
2024-06-30 * "Invoice #434 David  2 rings for repair"
  Income:Sales:SalesItem:SellBespokeorotherFee -200.00 HKD
  description: "repair for 2 rings"
  qty: 1
  referenceNo: "434"
  orderId: "b25ad982-5526-422b-8785-5bdadbc34fed"
  type: "Invoice Item"
  sourceId: "be72275c-fad4-43c2-8f14-6937dda0066b"
  Assets:CurrentAssets:AccountReceivable
  referenceNo: "434"
  orderId: "b25ad982-5526-422b-8785-5bdadbc34fed"
  type: "Invoice"
  sourceId: "b25ad982-5526-422b-8785-5bdadbc34fed"
  contact: "852 96221974 (強哥首飾加工師傅) [cef6a8eb-0892-4a7c-bfdc-328752af4fd5]"
2024-06-30 * "Invoice #436 R24125 #14"
  Income:Sales:SalesItem:Sell18kJewelry -2500.00 HKD
  category: "Jewelry"
  sku: "DD2024071800000002"
  qty: 1
  referenceNo: "436"
  orderId: "b8c08d6e-44a1-409b-95b2-25cb2454e91a"
  type: "Invoice Item"
  sourceId: "78680b53-277c-4fda-9df0-356d2bd1e2db"
  Assets:CurrentAssets:AccountReceivable
  referenceNo: "436"
  orderId: "b8c08d6e-44a1-409b-95b2-25cb2454e91a"
  type: "Invoice"
  sourceId: "b8c08d6e-44a1-409b-95b2-25cb2454e91a"
  contact: "852 51866721 (MsAnnaLai) [8b747e84-781f-43f9-8f8e-fb917342d6fe]"
2024-06-30 * "Assets:CurrentAssets:Cash:CashInHand" "Invoice Payment for Invoice #434 #fc950937-70ae-471b-9b09-3793e2b84e4f"
  Assets:CurrentAssets:Cash:CashInHand 200.00 HKD
  type: "Invoice Payment"
  sourceId: "fc950937-70ae-471b-9b09-3793e2b84e4f"
  referenceNo: "434"
  orderId: "b25ad982-5526-422b-8785-5bdadbc34fed"
  Assets:CurrentAssets:AccountReceivable -200.00 HKD
  type: "Invoice Payment"
  sourceId: "fc950937-70ae-471b-9b09-3793e2b84e4f"
  referenceNo: "434"
  orderId: "b25ad982-5526-422b-8785-5bdadbc34fed"
  contact: "852 96221974 (強哥首飾加工師傅) [cef6a8eb-0892-4a7c-bfdc-328752af4fd5]"