; ORDER transactions for 2025-04

2025-04-01 * "Invoice #692 補石"
  Income:Sales:SalesItem:Sell-ForProcess交外廠加工 -300 HKD
  description: "補石"
  qty: 1
  referenceNo: "692"
  orderId: "734ecaec-3faa-41b0-9710-6b09f88be301"
  type: "Invoice Item"
  sourceId: "0d57db2a-e59a-4e7a-9b9b-03699332120e"
  Assets:CurrentAssets:AccountReceivable
  referenceNo: "692"
  orderId: "734ecaec-3faa-41b0-9710-6b09f88be301"
  type: "Invoice"
  sourceId: "734ecaec-3faa-41b0-9710-6b09f88be301"
  contact: "880 802 (Walk in) [42348712-7daa-4c29-93b7-756b472429a4]"
2025-04-01 * "Invoice #692 Stock R24131 #11 R2502 #14"
  Income:Sales:SalesItem:Sell18kJewelry -2500 HKD
  category: "Jewelry"
  sku: "DD2024031800000001"
  qty: 1
  referenceNo: "692"
  orderId: "df370520-b0b1-4352-b42c-915b6c535656"
  type: "Invoice Item"
  sourceId: "98c8b6ef-0909-44bf-8290-1a269de423d4"
  Income:Sales:SalesItem:Sell18kJewelry -1400 HKD
  category: "Jewelry"
  sku: "DD2025010800000002"
  qty: 1
  referenceNo: "692"
  orderId: "df370520-b0b1-4352-b42c-915b6c535656"
  type: "Invoice Item"
  sourceId: "9ae67aa7-e529-4586-a3e0-47136ceed213"
  Assets:CurrentAssets:AccountReceivable
  referenceNo: "692"
  orderId: "df370520-b0b1-4352-b42c-915b6c535656"
  type: "Invoice"
  sourceId: "df370520-b0b1-4352-b42c-915b6c535656"
  contact: "852 90828586 (No Name) [5cc30dd3-1168-46bf-90fa-ebc70f8ca3d6]"
2025-04-01 * "Assets:CurrentAssets:Bank:KpayBank" "Invoice Payment for Invoice #692 #f8df12c7-52e9-46e8-ad8a-2bc7323c2197"
  Assets:CurrentAssets:Bank:KpayBank 3900 HKD
  type: "Invoice Payment"
  sourceId: "f8df12c7-52e9-46e8-ad8a-2bc7323c2197"
  referenceNo: "692"
  orderId: "df370520-b0b1-4352-b42c-915b6c535656"
  Assets:CurrentAssets:AccountReceivable -3900 HKD
  type: "Invoice Payment"
  sourceId: "f8df12c7-52e9-46e8-ad8a-2bc7323c2197"
  referenceNo: "692"
  orderId: "df370520-b0b1-4352-b42c-915b6c535656"
  contact: "852 90828586 (No Name) [5cc30dd3-1168-46bf-90fa-ebc70f8ca3d6]"
2025-04-01 * "Invoice #692 Stock B24194 B24195"
  Income:Sales:SalesItem:Sell18kJewelry -3500 HKD
  category: "Jewelry"
  sku: "DD2024112600000008"
  qty: 1
  referenceNo: "692"
  orderId: "cd0931db-87cf-4ad9-bbe6-cdd549f2d11a"
  type: "Invoice Item"
  sourceId: "68dd3556-a647-423d-9015-a8aa230ad98d"
  Income:Sales:SalesItem:Sell18kJewelry -3500 HKD
  category: "Jewelry"
  sku: "DD2024112600000006"
  qty: 1
  referenceNo: "692"
  orderId: "cd0931db-87cf-4ad9-bbe6-cdd549f2d11a"
  type: "Invoice Item"
  sourceId: "449f4ed5-6b10-4b58-a0cb-9f635be50a87"
  Assets:CurrentAssets:AccountReceivable
  referenceNo: "692"
  orderId: "cd0931db-87cf-4ad9-bbe6-cdd549f2d11a"
  type: "Invoice"
  sourceId: "cd0931db-87cf-4ad9-bbe6-cdd549f2d11a"
  contact: "852 90828586 (No Name) [5cc30dd3-1168-46bf-90fa-ebc70f8ca3d6]"
2025-04-01 * "Assets:CurrentAssets:Bank:BocSavingBank" "Invoice Payment for Invoice #692 #f73cb898-a4b0-49ba-b93f-5c6092b1182c"
  Assets:CurrentAssets:Bank:BocSavingBank 7000 HKD
  type: "Invoice Payment"
  sourceId: "f73cb898-a4b0-49ba-b93f-5c6092b1182c"
  referenceNo: "692"
  orderId: "cd0931db-87cf-4ad9-bbe6-cdd549f2d11a"
  Assets:CurrentAssets:AccountReceivable -7000 HKD
  type: "Invoice Payment"
  sourceId: "f73cb898-a4b0-49ba-b93f-5c6092b1182c"
  referenceNo: "692"
  orderId: "cd0931db-87cf-4ad9-bbe6-cdd549f2d11a"
  contact: "852 90828586 (No Name) [5cc30dd3-1168-46bf-90fa-ebc70f8ca3d6]"
2025-04-03 * "Invoice #831 Ref bill#1306 inv#692 手鏈2合1改款"
  Income:Sales:SalesItem:Sell-ForProcess交外廠加工 -0 HKD
  category: "Other"
  sku: "Processing 059"
  qty: 1
  referenceNo: "831"
  orderId: "a546dca6-9206-4c6b-8252-52ca2c360997"
  type: "Invoice Item"
  sourceId: "cc2dfb26-4f51-4dfe-a974-bf00725a396d"
  Assets:CurrentAssets:AccountReceivable
  referenceNo: "831"
  orderId: "a546dca6-9206-4c6b-8252-52ca2c360997"
  type: "Invoice"
  sourceId: "a546dca6-9206-4c6b-8252-52ca2c360997"
  contact: "852 90828586 (No Name) [5cc30dd3-1168-46bf-90fa-ebc70f8ca3d6]"
2025-04-03 * "Bill #1307 REF INV#903 手鏈改短至15cm"
  referenceNo: "1307"
  orderId: "63431b5d-e703-4f2d-804e-10ff845df39b"
  type: "Bill"
  Expenses:CostOfSales:Purchase:PurchaseItem:BuyCost-ProcessingFee 300 HKD
  qty: "1"
  description: "#903 鑽石網球手鏈改短到15cm"
  referenceNo: "1307"
  orderId: "63431b5d-e703-4f2d-804e-10ff845df39b"
  type: "Bill Item"
  sourceId: "83feaa62-01de-49aa-9172-f819b0c48b40"
  Liabilities:CurrentLiabilities:AccountPayable
  referenceNo: "1307"
  orderId: "63431b5d-e703-4f2d-804e-10ff845df39b"
  type: "Bill"
  sourceId: "63431b5d-e703-4f2d-804e-10ff845df39b"
  contact: "852 96221974 (強哥 首飾加工師傅) [cef6a8eb-0892-4a7c-bfdc-328752af4fd5]"
2025-04-03 * "Bill #1306 REF INV#975 手鏈2合1改款"
  referenceNo: "1306"
  orderId: "3a1c4032-2ecb-4f59-a7b7-b308de823de8"
  type: "Bill"
  Expenses:CostOfSales:Purchase:PurchaseItem:BuyCost-ProcessingFee 500 HKD
  category: "Other"
  sku: "Processing 059"
  qty: 1
  referenceNo: "1306"
  orderId: "3a1c4032-2ecb-4f59-a7b7-b308de823de8"
  type: "Bill Item"
  sourceId: "51bbc613-8664-4c86-b6f5-89c0d8554bc3"
  Liabilities:CurrentLiabilities:AccountPayable
  referenceNo: "1306"
  orderId: "3a1c4032-2ecb-4f59-a7b7-b308de823de8"
  type: "Bill"
  sourceId: "3a1c4032-2ecb-4f59-a7b7-b308de823de8"
  contact: "852 96221974 (強哥 首飾加工師傅) [cef6a8eb-0892-4a7c-bfdc-328752af4fd5]"
2025-04-03 * "852 96221974 (強哥 首飾加工師傅) [cef6a8eb-0892-4a7c-bfdc-328752af4fd5]" "Bill Payment for Bill #1307 #9e958733-b8f9-430f-8fe4-819fc3cbaf26"
  contact: "852 96221974 (強哥 首飾加工師傅) [cef6a8eb-0892-4a7c-bfdc-328752af4fd5]"
  Liabilities:CurrentLiabilities:AccountPayable 300 HKD
  type: "Bill Payment"
  sourceId: "9e958733-b8f9-430f-8fe4-819fc3cbaf26"
  referenceNo: "1307"
  orderId: "63431b5d-e703-4f2d-804e-10ff845df39b"
  Assets:CurrentAssets:Cash:CashInHand -300 HKD
  type: "Bill Payment"
  sourceId: "9e958733-b8f9-430f-8fe4-819fc3cbaf26"
  referenceNo: "1307"
  orderId: "63431b5d-e703-4f2d-804e-10ff845df39b"
2025-04-03 * "852 96221974 (強哥 首飾加工師傅) [cef6a8eb-0892-4a7c-bfdc-328752af4fd5]" "Bill Payment for Bill #1306 #8180206d-4682-4c6c-96c3-844e9d42ceef"
  contact: "852 96221974 (強哥 首飾加工師傅) [cef6a8eb-0892-4a7c-bfdc-328752af4fd5]"
  Liabilities:CurrentLiabilities:AccountPayable 500 HKD
  type: "Bill Payment"
  sourceId: "8180206d-4682-4c6c-96c3-844e9d42ceef"
  referenceNo: "1306"
  orderId: "3a1c4032-2ecb-4f59-a7b7-b308de823de8"
  Assets:CurrentAssets:Cash:CashInHand -500 HKD
  type: "Bill Payment"
  sourceId: "8180206d-4682-4c6c-96c3-844e9d42ceef"
  referenceNo: "1306"
  orderId: "3a1c4032-2ecb-4f59-a7b7-b308de823de8"
2025-04-03 * "Invoice #692 Staff~ $850/1g "
  Income:Sales:SalesItem:SellGoldJewelry -2370 HKD
  category: "Gold Jewelry"
  sku: "DDFF23051704000000000078"
  qty: 1
  referenceNo: "692"
  orderId: "c8484fd0-21d8-461d-870c-7075f94f806b"
  type: "Invoice Item"
  sourceId: "10b1143a-a1f1-44b3-93f8-46072a9e9c60"
  Assets:CurrentAssets:AccountReceivable
  referenceNo: "692"
  orderId: "c8484fd0-21d8-461d-870c-7075f94f806b"
  type: "Invoice"
  sourceId: "c8484fd0-21d8-461d-870c-7075f94f806b"
  contact: "880 802 (Walk in) [42348712-7daa-4c29-93b7-756b472429a4]"
2025-04-03 * "Assets:CurrentAssets:Bank:KpayBank" "Invoice Payment for Invoice #692 #723bb959-fc8e-41fa-92fa-199247d76354"
  Assets:CurrentAssets:Bank:KpayBank 2370 HKD
  type: "Invoice Payment"
  sourceId: "723bb959-fc8e-41fa-92fa-199247d76354"
  referenceNo: "692"
  orderId: "c8484fd0-21d8-461d-870c-7075f94f806b"
  Assets:CurrentAssets:AccountReceivable -2370 HKD
  type: "Invoice Payment"
  sourceId: "723bb959-fc8e-41fa-92fa-199247d76354"
  referenceNo: "692"
  orderId: "c8484fd0-21d8-461d-870c-7075f94f806b"
  contact: "880 802 (Walk in) [42348712-7daa-4c29-93b7-756b472429a4]"
2025-04-04 * "Invoice #692 R24131 R2110 N24135 R2383"
  Income:Sales:SalesItem:Sell18kJewelry -3800 HKD
  category: "Jewelry"
  sku: "DD2024123100000017"
  qty: 1
  referenceNo: "692"
  orderId: "2834dc55-eb1d-45b1-b0ad-e2a9c17b1012"
  type: "Invoice Item"
  sourceId: "8591a7e7-0e70-40ed-9351-ce047624a4c3"
  Income:Sales:SalesItem:Sell18kJewelry -3500 HKD
  category: "Jewelry"
  sku: "DD2024081700000002"
  qty: 1
  referenceNo: "692"
  orderId: "2834dc55-eb1d-45b1-b0ad-e2a9c17b1012"
  type: "Invoice Item"
  sourceId: "76d6865f-878f-40ce-8176-7d5b4ad49f89"
  Income:Sales:SalesItem:Sell18kJewelry -2900 HKD
  category: "Jewelry"
  sku: "DD2023112400000005"
  qty: 1
  referenceNo: "692"
  orderId: "2834dc55-eb1d-45b1-b0ad-e2a9c17b1012"
  type: "Invoice Item"
  sourceId: "2c088fe5-f531-44d6-aa6d-8b8756ec4c8f"
  Income:Sales:SalesItem:Sell18kJewelry -2500 HKD
  category: "Jewelry"
  sku: "DD2024031800000002"
  qty: 1
  referenceNo: "692"
  orderId: "2834dc55-eb1d-45b1-b0ad-e2a9c17b1012"
  type: "Invoice Item"
  sourceId: "d1ce275a-3aaf-4061-b761-a50a1a2f14ad"
  Assets:CurrentAssets:AccountReceivable
  referenceNo: "692"
  orderId: "2834dc55-eb1d-45b1-b0ad-e2a9c17b1012"
  type: "Invoice"
  sourceId: "2834dc55-eb1d-45b1-b0ad-e2a9c17b1012"
  contact: "852 64303983 (No Name) [bb74c780-a1d6-4ec5-becc-e8bb57e324ae]"
2025-04-04 * "Assets:CurrentAssets:Bank:BocSavingBank" "Invoice Payment for Invoice #692 #ed3f2997-d7e8-4c2c-93f4-2cbae511d4c0"
  Assets:CurrentAssets:Bank:BocSavingBank 12700 HKD
  type: "Invoice Payment"
  sourceId: "ed3f2997-d7e8-4c2c-93f4-2cbae511d4c0"
  referenceNo: "692"
  orderId: "2834dc55-eb1d-45b1-b0ad-e2a9c17b1012"
  Assets:CurrentAssets:AccountReceivable -12700 HKD
  type: "Invoice Payment"
  sourceId: "ed3f2997-d7e8-4c2c-93f4-2cbae511d4c0"
  referenceNo: "692"
  orderId: "2834dc55-eb1d-45b1-b0ad-e2a9c17b1012"
  contact: "852 64303983 (No Name) [bb74c780-a1d6-4ec5-becc-e8bb57e324ae]"
2025-04-04 * "Invoice #692 Stock R24135 改#13"
  Income:Sales:SalesItem:Sell18kJewelry -3300 HKD
  category: "Jewelry"
  sku: "DD2024080700000009"
  qty: 1
  referenceNo: "692"
  orderId: "d309e9c6-7078-4428-a837-d9fb0aa1d9fd"
  type: "Invoice Item"
  sourceId: "48c0ebb1-7662-4287-ab20-1696efc0fdbc"
  Assets:CurrentAssets:AccountReceivable
  referenceNo: "692"
  orderId: "d309e9c6-7078-4428-a837-d9fb0aa1d9fd"
  type: "Invoice"
  sourceId: "d309e9c6-7078-4428-a837-d9fb0aa1d9fd"
  contact: "852 69783981 (No Name) [cc07c425-f223-44b9-9605-424cc5d9891c]"
2025-04-04 * "Assets:CurrentAssets:Bank:KpayBank" "Invoice Payment for Invoice #692 #11f4af8e-816f-4120-9ed3-031bdb18bb26"
  Assets:CurrentAssets:Bank:KpayBank 3300 HKD
  type: "Invoice Payment"
  sourceId: "11f4af8e-816f-4120-9ed3-031bdb18bb26"
  referenceNo: "692"
  orderId: "d309e9c6-7078-4428-a837-d9fb0aa1d9fd"
  Assets:CurrentAssets:AccountReceivable -3300 HKD
  type: "Invoice Payment"
  sourceId: "11f4af8e-816f-4120-9ed3-031bdb18bb26"
  referenceNo: "692"
  orderId: "d309e9c6-7078-4428-a837-d9fb0aa1d9fd"
  contact: "852 69783981 (No Name) [cc07c425-f223-44b9-9605-424cc5d9891c]"
2025-04-05 * "Liabilities:CurrentLiabilities:CurrentAccount:C-a-DirectorDavidKwan" "Invoice Payment for Invoice #692 #d837ef01-a33c-408a-bdb9-c3ec6ec6f760"
  Liabilities:CurrentLiabilities:CurrentAccount:C-a-DirectorDavidKwan 5208 HKD
  type: "Invoice Payment"
  sourceId: "d837ef01-a33c-408a-bdb9-c3ec6ec6f760"
  referenceNo: "692"
  orderId: "cb6688fe-b3ee-4a8d-8b17-1ab0650f7647"
  Assets:CurrentAssets:AccountReceivable -5208 HKD
  type: "Invoice Payment"
  sourceId: "d837ef01-a33c-408a-bdb9-c3ec6ec6f760"
  referenceNo: "692"
  orderId: "cb6688fe-b3ee-4a8d-8b17-1ab0650f7647"
  contact: "998 12345708 (David Kwan(Director)) [02ab8da0-959b-440e-9733-c02eab1b0288]"
2025-04-05 * "Invoice #692 Order R24131 #16 Stock N24135"
  Income:Sales:SalesItem:Sell18kJewelry -2500 HKD
  category: "Jewelry"
  sku: "DD2025042800000004"
  qty: 1
  referenceNo: "692"
  orderId: "4202a844-b825-436d-853a-2b3e074f8f0d"
  type: "Invoice Item"
  sourceId: "6c8be0be-6aac-4f90-bf24-70e60e2956ab"
  Income:Sales:SalesItem:Sell18kJewelry -3400 HKD
  category: "Jewelry"
  sku: "DD2024090800000004"
  qty: 1
  referenceNo: "692"
  orderId: "4202a844-b825-436d-853a-2b3e074f8f0d"
  type: "Invoice Item"
  sourceId: "0fbd8471-ea5e-4963-b895-639b4a695042"
  Assets:CurrentAssets:AccountReceivable
  referenceNo: "692"
  orderId: "4202a844-b825-436d-853a-2b3e074f8f0d"
  type: "Invoice"
  sourceId: "4202a844-b825-436d-853a-2b3e074f8f0d"
  contact: "852 97095884 (No Name) [25aa62bc-0cc8-485c-8d70-1aba9f920747]"
2025-04-05 * "Invoice #692 P2201,E2311 4.18g $767/1g"
  Income:Sales:SalesItem:SellGoldJewelry -3206 HKD
  category: "Gold Jewelry"
  sku: "DDFF23051706000000000006"
  qty: 1
  referenceNo: "692"
  orderId: "cb6688fe-b3ee-4a8d-8b17-1ab0650f7647"
  type: "Invoice Item"
  sourceId: "ff086170-524b-4ccb-9b2f-bae33cb7213a"
  Income:Sales:SalesItem:Sell18kJewelry -2002 HKD
  category: "Jewelry"
  sku: "DDFFFFFF0200000000000011"
  qty: 1
  referenceNo: "692"
  orderId: "cb6688fe-b3ee-4a8d-8b17-1ab0650f7647"
  type: "Invoice Item"
  sourceId: "d18b02e4-8eae-4189-bc8f-06e5012413f1"
  Assets:CurrentAssets:AccountReceivable
  referenceNo: "692"
  orderId: "cb6688fe-b3ee-4a8d-8b17-1ab0650f7647"
  type: "Invoice"
  sourceId: "cb6688fe-b3ee-4a8d-8b17-1ab0650f7647"
  contact: "998 12345708 (David Kwan(Director)) [02ab8da0-959b-440e-9733-c02eab1b0288]"
2025-04-05 * "Assets:CurrentAssets:Bank:KpayBank" "Invoice Payment for Invoice #692 #7884ee31-6b91-4979-814d-25ea696ce255"
  Assets:CurrentAssets:Bank:KpayBank 5900 HKD
  type: "Invoice Payment"
  sourceId: "7884ee31-6b91-4979-814d-25ea696ce255"
  referenceNo: "692"
  orderId: "4202a844-b825-436d-853a-2b3e074f8f0d"
  Assets:CurrentAssets:AccountReceivable -5900 HKD
  type: "Invoice Payment"
  sourceId: "7884ee31-6b91-4979-814d-25ea696ce255"
  referenceNo: "692"
  orderId: "4202a844-b825-436d-853a-2b3e074f8f0d"
  contact: "852 97095884 (No Name) [25aa62bc-0cc8-485c-8d70-1aba9f920747]"
2025-04-05 * "Invoice #692 Stock R14131 #17"
  Income:Sales:SalesItem:Sell18kJewelry -2800 HKD
  category: "Jewelry"
  sku: "DD2025022100000002"
  qty: 1
  referenceNo: "692"
  orderId: "305f15b3-ce1b-40ce-994b-3e3466e0ef61"
  type: "Invoice Item"
  sourceId: "47c52572-73d3-4217-af3c-76028bc6d0e8"
  Assets:CurrentAssets:AccountReceivable
  referenceNo: "692"
  orderId: "305f15b3-ce1b-40ce-994b-3e3466e0ef61"
  type: "Invoice"
  sourceId: "305f15b3-ce1b-40ce-994b-3e3466e0ef61"
  contact: "852 90552357 (No Name) [d568a343-d42b-49d1-8a03-f99bab1c2d67]"
2025-04-06 * "Assets:CurrentAssets:Bank:KpayBank" "Invoice Payment for Invoice #692 #a22ac9c2-f386-4991-a2cb-1600f9bc79a0"
  Assets:CurrentAssets:Bank:KpayBank 2800 HKD
  type: "Invoice Payment"
  sourceId: "a22ac9c2-f386-4991-a2cb-1600f9bc79a0"
  referenceNo: "692"
  orderId: "305f15b3-ce1b-40ce-994b-3e3466e0ef61"
  Assets:CurrentAssets:AccountReceivable -2800 HKD
  type: "Invoice Payment"
  sourceId: "a22ac9c2-f386-4991-a2cb-1600f9bc79a0"
  referenceNo: "692"
  orderId: "305f15b3-ce1b-40ce-994b-3e3466e0ef61"
  contact: "852 90552357 (No Name) [d568a343-d42b-49d1-8a03-f99bab1c2d67]"
2025-04-07 * "Bill #1309 R24142 #18 INV#964"
  referenceNo: "1309"
  orderId: "ee4ca37e-69ec-4f39-8255-1b3c36fdfd44"
  type: "Bill"
  Expenses:CostOfSales:Purchase:PurchaseItem:Buy18kJewelry 1595 HKD
  category: "Jewelry"
  sku: "DD2025040700000006"
  qty: 1
  referenceNo: "1309"
  orderId: "ee4ca37e-69ec-4f39-8255-1b3c36fdfd44"
  type: "Bill Item"
  sourceId: "b8072346-9313-41dd-ad47-30d1c345ecd8"
  Liabilities:CurrentLiabilities:AccountPayable
  referenceNo: "1309"
  orderId: "ee4ca37e-69ec-4f39-8255-1b3c36fdfd44"
  type: "Bill"
  sourceId: "ee4ca37e-69ec-4f39-8255-1b3c36fdfd44"
  contact: "86 13502891558 () [0855f826-2f3a-4788-bfb1-5f09653c1ad0]"
2025-04-07 * "Bill #1308 3只鑽石綫戒"
  referenceNo: "1308"
  orderId: "8890cbde-df72-400d-a537-35e6b10b54ea"
  type: "Bill"
  Expenses:CostOfSales:Purchase:PurchaseItem:Buy18kJewelry 1100 HKD
  category: "Jewelry"
  sku: "DD2025040700000001"
  qty: 1
  referenceNo: "1308"
  orderId: "8890cbde-df72-400d-a537-35e6b10b54ea"
  type: "Bill Item"
  sourceId: "5f6e0650-18f3-4c25-82d1-5009891e7f39"
  Expenses:CostOfSales:Purchase:PurchaseItem:Buy18kJewelry 2360 HKD
  category: "Jewelry"
  sku: "DD2025040700000002"
  qty: 1
  referenceNo: "1308"
  orderId: "8890cbde-df72-400d-a537-35e6b10b54ea"
  type: "Bill Item"
  sourceId: "ed2e58ef-cf06-4ab7-aa07-b7444cafc518"
  Expenses:CostOfSales:Purchase:PurchaseItem:Buy18kJewelry 2140 HKD
  category: "Jewelry"
  sku: "DD2025040700000003"
  qty: 1
  referenceNo: "1308"
  orderId: "8890cbde-df72-400d-a537-35e6b10b54ea"
  type: "Bill Item"
  sourceId: "22ce7d39-0618-4145-846c-6744a0872505"
  Liabilities:CurrentLiabilities:AccountPayable
  referenceNo: "1308"
  orderId: "8890cbde-df72-400d-a537-35e6b10b54ea"
  type: "Bill"
  sourceId: "8890cbde-df72-400d-a537-35e6b10b54ea"
  contact: "852 96544060 (YH JEWELRY LIMITED) [6ff7ad8d-b4f9-4035-9036-23838ff405cd]"
2025-04-07 * "852 96544060 (YH JEWELRY LIMITED) [6ff7ad8d-b4f9-4035-9036-23838ff405cd]" "Bill Payment for Bill #1308 #20aae256-7329-4997-91d0-8082ee8d2eb7"
  contact: "852 96544060 (YH JEWELRY LIMITED) [6ff7ad8d-b4f9-4035-9036-23838ff405cd]"
  Liabilities:CurrentLiabilities:AccountPayable 5600 HKD
  type: "Bill Payment"
  sourceId: "20aae256-7329-4997-91d0-8082ee8d2eb7"
  referenceNo: "1308"
  orderId: "8890cbde-df72-400d-a537-35e6b10b54ea"
  Assets:CurrentAssets:Cash:CashInHand -5600 HKD
  type: "Bill Payment"
  sourceId: "20aae256-7329-4997-91d0-8082ee8d2eb7"
  referenceNo: "1308"
  orderId: "8890cbde-df72-400d-a537-35e6b10b54ea"
2025-04-07 * "Bill #1310 BESPOKE 1R  2FNE 18KRG "
  referenceNo: "1310"
  orderId: "b039f5a5-7ca0-4ed1-b8df-8a4701a0d7bc"
  type: "Bill"
  Expenses:CostOfSales:Purchase:PurchaseItem:Buy18kJewelry 671 HKD
  category: "Jewelry"
  sku: "DD2025040700000008"
  qty: 1
  referenceNo: "1310"
  orderId: "b039f5a5-7ca0-4ed1-b8df-8a4701a0d7bc"
  type: "Bill Item"
  sourceId: "33354565-8e58-4fc6-8643-3ba454b9fc55"
  Expenses:CostOfSales:Purchase:PurchaseItem:Buy18kJewelry 671 HKD
  category: "Jewelry"
  sku: "DD2025040700000007"
  qty: 1
  referenceNo: "1310"
  orderId: "b039f5a5-7ca0-4ed1-b8df-8a4701a0d7bc"
  type: "Bill Item"
  sourceId: "f6141660-8f96-4043-8e5a-511ff76bbdca"
  Expenses:CostOfSales:Purchase:PurchaseItem:BuyBespoke 2063 HKD
  category: "Jewelry"
  sku: "DDBESPOKE00000022"
  qty: 1
  referenceNo: "1310"
  orderId: "b039f5a5-7ca0-4ed1-b8df-8a4701a0d7bc"
  type: "Bill Item"
  sourceId: "ec157122-ac37-4e6c-81e1-5bd683647017"
  Liabilities:CurrentLiabilities:AccountPayable
  referenceNo: "1310"
  orderId: "b039f5a5-7ca0-4ed1-b8df-8a4701a0d7bc"
  type: "Bill"
  sourceId: "b039f5a5-7ca0-4ed1-b8df-8a4701a0d7bc"
  contact: "86 13502891558 () [0855f826-2f3a-4788-bfb1-5f09653c1ad0]"
2025-04-07 * "Bill #1311 2R 碧璽18KRG "
  referenceNo: "1311"
  orderId: "c2ce6f2b-eada-4237-9bfd-237159659baa"
  type: "Bill"
  Expenses:CostOfSales:Purchase:PurchaseItem:Buy18kJewelry 1386 HKD
  category: "Jewelry"
  sku: "DD2025040700000004"
  qty: 1
  referenceNo: "1311"
  orderId: "c2ce6f2b-eada-4237-9bfd-237159659baa"
  type: "Bill Item"
  sourceId: "16ed68aa-56fa-484d-a2c4-a7e1114caba0"
  Expenses:CostOfSales:Purchase:PurchaseItem:Buy18kJewelry 1386 HKD
  category: "Jewelry"
  sku: "DD2025040700000005"
  qty: 1
  referenceNo: "1311"
  orderId: "c2ce6f2b-eada-4237-9bfd-237159659baa"
  type: "Bill Item"
  sourceId: "841ca195-e3c6-4df1-a013-044d01d79506"
  Liabilities:CurrentLiabilities:AccountPayable
  referenceNo: "1311"
  orderId: "c2ce6f2b-eada-4237-9bfd-237159659baa"
  type: "Bill"
  sourceId: "c2ce6f2b-eada-4237-9bfd-237159659baa"
  contact: "86 13502891558 () [0855f826-2f3a-4788-bfb1-5f09653c1ad0]"
2025-04-07 * "86 13502891558 () [0855f826-2f3a-4788-bfb1-5f09653c1ad0]" "Bill Payment for Bill #1309 #7d25056c-61e0-41f1-844e-210789cec252"
  contact: "86 13502891558 () [0855f826-2f3a-4788-bfb1-5f09653c1ad0]"
  Liabilities:CurrentLiabilities:AccountPayable 1595 HKD
  type: "Bill Payment"
  sourceId: "7d25056c-61e0-41f1-844e-210789cec252"
  referenceNo: "1309"
  orderId: "ee4ca37e-69ec-4f39-8255-1b3c36fdfd44"
  Assets:CurrentAssets:Cash:CashInHand -1595 HKD
  type: "Bill Payment"
  sourceId: "7d25056c-61e0-41f1-844e-210789cec252"
  referenceNo: "1309"
  orderId: "ee4ca37e-69ec-4f39-8255-1b3c36fdfd44"
2025-04-07 * "Invoice #692 Staff~ Bespoke PT950 #16"
  Income:Sales:SalesItem:SellBespokeorotherFee -2700 HKD
  category: "Jewelry"
  sku: "DDBESPOKE00000022"
  qty: 1
  referenceNo: "692"
  orderId: "745b7103-8fb3-4064-86ac-5ceedd28db0a"
  type: "Invoice Item"
  sourceId: "e4c6d13d-15c1-48bc-ab88-268c4035cfac"
  Assets:CurrentAssets:AccountReceivable
  referenceNo: "692"
  orderId: "745b7103-8fb3-4064-86ac-5ceedd28db0a"
  type: "Invoice"
  sourceId: "745b7103-8fb3-4064-86ac-5ceedd28db0a"
  contact: "852 62244993 () [fb9ae1b4-9eca-49c0-91ed-1c1be0e96949]"
2025-04-07 * "86 13502891558 () [0855f826-2f3a-4788-bfb1-5f09653c1ad0]" "Bill Payment for Bill #1310 #a31c942d-feb8-4e9f-a605-b8dbcfb5d158"
  contact: "86 13502891558 () [0855f826-2f3a-4788-bfb1-5f09653c1ad0]"
  Liabilities:CurrentLiabilities:AccountPayable 3405 HKD
  type: "Bill Payment"
  sourceId: "a31c942d-feb8-4e9f-a605-b8dbcfb5d158"
  referenceNo: "1310"
  orderId: "b039f5a5-7ca0-4ed1-b8df-8a4701a0d7bc"
  Assets:CurrentAssets:Cash:CashInHand -3405 HKD
  type: "Bill Payment"
  sourceId: "a31c942d-feb8-4e9f-a605-b8dbcfb5d158"
  referenceNo: "1310"
  orderId: "b039f5a5-7ca0-4ed1-b8df-8a4701a0d7bc"
2025-04-07 * "86 13502891558 () [0855f826-2f3a-4788-bfb1-5f09653c1ad0]" "Bill Payment for Bill #1311 #01b6d908-1895-477e-9eed-70cbec37cdd8"
  contact: "86 13502891558 () [0855f826-2f3a-4788-bfb1-5f09653c1ad0]"
  Liabilities:CurrentLiabilities:AccountPayable 2772 HKD
  type: "Bill Payment"
  sourceId: "01b6d908-1895-477e-9eed-70cbec37cdd8"
  referenceNo: "1311"
  orderId: "c2ce6f2b-eada-4237-9bfd-237159659baa"
  Assets:CurrentAssets:Cash:CashInHand -2772 HKD
  type: "Bill Payment"
  sourceId: "01b6d908-1895-477e-9eed-70cbec37cdd8"
  referenceNo: "1311"
  orderId: "c2ce6f2b-eada-4237-9bfd-237159659baa"
2025-04-07 * "Assets:CurrentAssets:Bank:BocSavingBank" "Invoice Payment for Invoice #692 #1434cd52-a8f4-49aa-baa4-f373c66262a3"
  Assets:CurrentAssets:Bank:BocSavingBank 2700 HKD
  type: "Invoice Payment"
  sourceId: "1434cd52-a8f4-49aa-baa4-f373c66262a3"
  referenceNo: "692"
  orderId: "745b7103-8fb3-4064-86ac-5ceedd28db0a"
  Assets:CurrentAssets:AccountReceivable -2700 HKD
  type: "Invoice Payment"
  sourceId: "1434cd52-a8f4-49aa-baa4-f373c66262a3"
  referenceNo: "692"
  orderId: "745b7103-8fb3-4064-86ac-5ceedd28db0a"
  contact: "852 62244993 () [fb9ae1b4-9eca-49c0-91ed-1c1be0e96949]"
2025-04-08 * "Bill #1323 DKK 固網電話費(04/25-07/25)"
  referenceNo: "1323"
  orderId: "f75d996f-ed61-4b60-bfd8-145e1eb6f81a"
  type: "Bill"
  Expenses:GeneralExpense:TelephoneAndInternetAndAlarm 293 HKD
  qty: "1"
  description: "DKK 固網電話費(04/25-07/25)"
  referenceNo: "1323"
  orderId: "f75d996f-ed61-4b60-bfd8-145e1eb6f81a"
  type: "Bill Item"
  sourceId: "685ff1b0-a4c6-42cf-8730-0002747e925c"
  Liabilities:CurrentLiabilities:AccountPayable
  referenceNo: "1323"
  orderId: "f75d996f-ed61-4b60-bfd8-145e1eb6f81a"
  type: "Bill"
  sourceId: "f75d996f-ed61-4b60-bfd8-145e1eb6f81a"
  contact: "880 806 () [53b8789a-4451-4a1f-84f7-a9c5da7ada1a]"
2025-04-08 * "880 806 () [53b8789a-4451-4a1f-84f7-a9c5da7ada1a]" "Bill Payment for Bill #1323 #e0ecd22c-2b50-4136-bd78-184fa3619d02"
  contact: "880 806 () [53b8789a-4451-4a1f-84f7-a9c5da7ada1a]"
  Liabilities:CurrentLiabilities:AccountPayable 293 HKD
  type: "Bill Payment"
  sourceId: "e0ecd22c-2b50-4136-bd78-184fa3619d02"
  referenceNo: "1323"
  orderId: "f75d996f-ed61-4b60-bfd8-145e1eb6f81a"
  Assets:CurrentAssets:Cash:CashInHand -293 HKD
  type: "Bill Payment"
  sourceId: "e0ecd22c-2b50-4136-bd78-184fa3619d02"
  referenceNo: "1323"
  orderId: "f75d996f-ed61-4b60-bfd8-145e1eb6f81a"
2025-04-09 * "Invoice #833 Ref bill#1312 inv#692 R24135 海藍寶戒指改手寸到#13"
  Income:Sales:SalesItem:Sell-ForProcess交外廠加工 -0 HKD
  category: "Other"
  sku: "Processing 061"
  qty: 1
  referenceNo: "833"
  orderId: "4d790cc5-59b8-48a3-b714-83b3e66ce7d0"
  type: "Invoice Item"
  sourceId: "16f3d213-8095-4683-813e-488fe2488646"
  Assets:CurrentAssets:AccountReceivable
  referenceNo: "833"
  orderId: "4d790cc5-59b8-48a3-b714-83b3e66ce7d0"
  type: "Invoice"
  sourceId: "4d790cc5-59b8-48a3-b714-83b3e66ce7d0"
  contact: "852 69783981 (No Name) [cc07c425-f223-44b9-9605-424cc5d9891c]"
2025-04-09 * "Invoice #692 Bespoke 18K WG Necklace SAP2418"
  Income:Sales:SalesItem:SellBespokeorotherFee -3800 HKD
  category: "Jewelry"
  sku: "DDBESPOKE00000023"
  qty: 1
  referenceNo: "692"
  orderId: "312e6281-d76f-4796-a687-1fa68111506c"
  type: "Invoice Item"
  sourceId: "3928f9fe-aae7-42b6-83ff-250837cb911a"
  Income:Sales:SalesItem:SellGems -2200 HKD
  category: "Gem"
  sku: "SAP2418"
  qty: 1
  referenceNo: "692"
  orderId: "312e6281-d76f-4796-a687-1fa68111506c"
  type: "Invoice Item"
  sourceId: "9b94789d-eccf-45e5-b78f-0c0e95d1af74"
  Assets:CurrentAssets:AccountReceivable
  referenceNo: "692"
  orderId: "312e6281-d76f-4796-a687-1fa68111506c"
  type: "Invoice"
  sourceId: "312e6281-d76f-4796-a687-1fa68111506c"
  contact: "852 93309768 (No Name) [59a60ba1-1f16-4687-9f70-9a030627e7c8]"
2025-04-09 * "Bill #1312 REF INV#978 改手寸#13"
  referenceNo: "1312"
  orderId: "b2a6dd03-8a91-4ccf-8beb-491c7a5bc4d4"
  type: "Bill"
  Expenses:CostOfSales:Purchase:PurchaseItem:BuyCost-ProcessingFee 250 HKD
  category: "Other"
  sku: "Processing 061"
  qty: 1
  referenceNo: "1312"
  orderId: "b2a6dd03-8a91-4ccf-8beb-491c7a5bc4d4"
  type: "Bill Item"
  sourceId: "2f90c478-fae8-4c3f-950b-3a21615637a1"
  Liabilities:CurrentLiabilities:AccountPayable
  referenceNo: "1312"
  orderId: "b2a6dd03-8a91-4ccf-8beb-491c7a5bc4d4"
  type: "Bill"
  sourceId: "b2a6dd03-8a91-4ccf-8beb-491c7a5bc4d4"
  contact: "852 96221974 (強哥 首飾加工師傅) [cef6a8eb-0892-4a7c-bfdc-328752af4fd5]"
2025-04-09 * "852 96221974 (強哥 首飾加工師傅) [cef6a8eb-0892-4a7c-bfdc-328752af4fd5]" "Bill Payment for Bill #1312 #1fea6962-dd5b-40e2-8250-3cdc2cd64920"
  contact: "852 96221974 (強哥 首飾加工師傅) [cef6a8eb-0892-4a7c-bfdc-328752af4fd5]"
  Liabilities:CurrentLiabilities:AccountPayable 250 HKD
  type: "Bill Payment"
  sourceId: "1fea6962-dd5b-40e2-8250-3cdc2cd64920"
  referenceNo: "1312"
  orderId: "b2a6dd03-8a91-4ccf-8beb-491c7a5bc4d4"
  Assets:CurrentAssets:Cash:CashInHand -250 HKD
  type: "Bill Payment"
  sourceId: "1fea6962-dd5b-40e2-8250-3cdc2cd64920"
  referenceNo: "1312"
  orderId: "b2a6dd03-8a91-4ccf-8beb-491c7a5bc4d4"
2025-04-09 * "Assets:CurrentAssets:Bank:BocSavingBank" "Invoice Payment for Invoice #692 #ddca4070-2855-49e9-a338-c876bc42dc06"
  Assets:CurrentAssets:Bank:BocSavingBank 3600 HKD
  type: "Invoice Payment"
  sourceId: "ddca4070-2855-49e9-a338-c876bc42dc06"
  referenceNo: "692"
  orderId: "312e6281-d76f-4796-a687-1fa68111506c"
  Assets:CurrentAssets:AccountReceivable -3600 HKD
  type: "Invoice Payment"
  sourceId: "ddca4070-2855-49e9-a338-c876bc42dc06"
  referenceNo: "692"
  orderId: "312e6281-d76f-4796-a687-1fa68111506c"
  contact: "852 93309768 (No Name) [59a60ba1-1f16-4687-9f70-9a030627e7c8]"
2025-04-10 * "Bill #1336 BANK FEE "
  referenceNo: "1336"
  orderId: "d576ac10-7ddc-4f4e-90d5-7d0688f8e30d"
  type: "Bill"
  Expenses:GeneralExpense:BankFeesExpense 600 HKD
  qty: "1"
  description: "AUDIT 2025 CONFIRMATION FEES "
  referenceNo: "1336"
  orderId: "d576ac10-7ddc-4f4e-90d5-7d0688f8e30d"
  type: "Bill Item"
  sourceId: "f1a3bf62-5f35-4596-800e-fe89ff504007"
  Expenses:GeneralExpense:BankFeesExpense 600 HKD
  qty: "1"
  description: "AUDIT 2024 CONFIRMATION FEES "
  referenceNo: "1336"
  orderId: "d576ac10-7ddc-4f4e-90d5-7d0688f8e30d"
  type: "Bill Item"
  sourceId: "a1f13ccc-bf09-402f-af45-e46845220974"
  Expenses:GeneralExpense:BankFeesExpense 600 HKD
  qty: "1"
  description: "AUDIT 2023 CONFIRMATION FEES "
  referenceNo: "1336"
  orderId: "d576ac10-7ddc-4f4e-90d5-7d0688f8e30d"
  type: "Bill Item"
  sourceId: "d4269ffd-24fa-42b0-ab68-ebfa111caa7d"
  Liabilities:CurrentLiabilities:AccountPayable
  referenceNo: "1336"
  orderId: "d576ac10-7ddc-4f4e-90d5-7d0688f8e30d"
  type: "Bill"
  sourceId: "d576ac10-7ddc-4f4e-90d5-7d0688f8e30d"
  contact: "880 806 () [53b8789a-4451-4a1f-84f7-a9c5da7ada1a]"
2025-04-10 * "880 806 () [53b8789a-4451-4a1f-84f7-a9c5da7ada1a]" "Bill Payment for Bill #1336 #1e7d0fc8-0b95-49e2-b34d-5a3b1566bf4c"
  contact: "880 806 () [53b8789a-4451-4a1f-84f7-a9c5da7ada1a]"
  Liabilities:CurrentLiabilities:AccountPayable 600 HKD
  type: "Bill Payment"
  sourceId: "1e7d0fc8-0b95-49e2-b34d-5a3b1566bf4c"
  referenceNo: "1336"
  orderId: "d576ac10-7ddc-4f4e-90d5-7d0688f8e30d"
  Assets:CurrentAssets:Bank:BocSavingBank -600 HKD
  type: "Bill Payment"
  sourceId: "1e7d0fc8-0b95-49e2-b34d-5a3b1566bf4c"
  referenceNo: "1336"
  orderId: "d576ac10-7ddc-4f4e-90d5-7d0688f8e30d"
2025-04-10 * "880 806 () [53b8789a-4451-4a1f-84f7-a9c5da7ada1a]" "Bill Payment for Bill #1336 #4c31302d-c264-4e52-b973-be92ff0887c6"
  contact: "880 806 () [53b8789a-4451-4a1f-84f7-a9c5da7ada1a]"
  Liabilities:CurrentLiabilities:AccountPayable 600 HKD
  type: "Bill Payment"
  sourceId: "4c31302d-c264-4e52-b973-be92ff0887c6"
  referenceNo: "1336"
  orderId: "d576ac10-7ddc-4f4e-90d5-7d0688f8e30d"
  Assets:CurrentAssets:Bank:BocSavingBank -600 HKD
  type: "Bill Payment"
  sourceId: "4c31302d-c264-4e52-b973-be92ff0887c6"
  referenceNo: "1336"
  orderId: "d576ac10-7ddc-4f4e-90d5-7d0688f8e30d"
2025-04-10 * "880 806 () [53b8789a-4451-4a1f-84f7-a9c5da7ada1a]" "Bill Payment for Bill #1336 #01fa6902-f872-45e2-a43f-f2cdb0869c38"
  contact: "880 806 () [53b8789a-4451-4a1f-84f7-a9c5da7ada1a]"
  Liabilities:CurrentLiabilities:AccountPayable 600 HKD
  type: "Bill Payment"
  sourceId: "01fa6902-f872-45e2-a43f-f2cdb0869c38"
  referenceNo: "1336"
  orderId: "d576ac10-7ddc-4f4e-90d5-7d0688f8e30d"
  Assets:CurrentAssets:Bank:BocSavingBank -600 HKD
  type: "Bill Payment"
  sourceId: "01fa6902-f872-45e2-a43f-f2cdb0869c38"
  referenceNo: "1336"
  orderId: "d576ac10-7ddc-4f4e-90d5-7d0688f8e30d"
2025-04-11 * "86 97978678 (ERIC) [cb2cbf18-d8c3-40eb-a388-d7234ea70615]" "Bill Payment for Bill #1313 #53c44978-9444-428c-b54c-825570b14643"
  contact: "86 97978678 (ERIC) [cb2cbf18-d8c3-40eb-a388-d7234ea70615]"
  Liabilities:CurrentLiabilities:AccountPayable 3798 CNY
  type: "Bill Payment"
  sourceId: "53c44978-9444-428c-b54c-825570b14643"
  referenceNo: "1313"
  orderId: "45774571-f149-4169-b2ee-8ec45f09185f"
  Assets:CurrentAssets:TradeDeposit:TradeDeposit-Eric -3798 CNY
  type: "Bill Payment"
  sourceId: "53c44978-9444-428c-b54c-825570b14643"
  referenceNo: "1313"
  orderId: "45774571-f149-4169-b2ee-8ec45f09185f"
2025-04-11 * "Invoice #692 Staff~ Vida Gold Jewellery 2.38g $883/1g"
  Income:Sales:SalesItem:SellGoldJewelry -2100 HKD
  category: "Gold Jewelry"
  sku: "DDFF23051706000000000013"
  qty: 1
  referenceNo: "692"
  orderId: "17dafe98-fa8e-435b-83b2-f6a5834422b4"
  type: "Invoice Item"
  sourceId: "8c2a0ecb-319e-4f95-bb8e-df4d697fa7b1"
  Assets:CurrentAssets:AccountReceivable
  referenceNo: "692"
  orderId: "17dafe98-fa8e-435b-83b2-f6a5834422b4"
  type: "Invoice"
  sourceId: "17dafe98-fa8e-435b-83b2-f6a5834422b4"
  contact: "852 90551171 (VIDA) [e6849602-7837-4c55-9238-f7eacce03b4f]"
2025-04-11 * "Assets:CurrentAssets:Cash:CashInHand" "Invoice Payment for Invoice #692 #b67495cb-e534-40e3-aa43-01c8b14978e0"
  Assets:CurrentAssets:Cash:CashInHand 2100 HKD
  type: "Invoice Payment"
  sourceId: "b67495cb-e534-40e3-aa43-01c8b14978e0"
  referenceNo: "692"
  orderId: "17dafe98-fa8e-435b-83b2-f6a5834422b4"
  Assets:CurrentAssets:AccountReceivable -2100 HKD
  type: "Invoice Payment"
  sourceId: "b67495cb-e534-40e3-aa43-01c8b14978e0"
  referenceNo: "692"
  orderId: "17dafe98-fa8e-435b-83b2-f6a5834422b4"
  contact: "852 90551171 (VIDA) [e6849602-7837-4c55-9238-f7eacce03b4f]"
2025-04-11 * "Bill #1313 ERIC~補貨/客訂"
  referenceNo: "1313"
  orderId: "45774571-f149-4169-b2ee-8ec45f09185f"
  type: "Bill"
  Expenses:CostOfSales:Purchase:PurchaseItem:Buy18kJewelry 1899 CNY
  category: "Jewelry"
  sku: "DD2025041100000002"
  qty: 1
  referenceNo: "1313"
  orderId: "45774571-f149-4169-b2ee-8ec45f09185f"
  type: "Bill Item"
  sourceId: "e0c9d168-6c44-42cd-ad1c-eb33bbb4ecdf"
  Expenses:CostOfSales:Purchase:PurchaseItem:Buy18kJewelry 1899 CNY
  category: "Jewelry"
  sku: "DD2025041100000001"
  qty: 1
  referenceNo: "1313"
  orderId: "45774571-f149-4169-b2ee-8ec45f09185f"
  type: "Bill Item"
  sourceId: "475c9e61-bba7-4207-be77-0563ada33e60"
  Liabilities:CurrentLiabilities:AccountPayable
  referenceNo: "1313"
  orderId: "45774571-f149-4169-b2ee-8ec45f09185f"
  type: "Bill"
  sourceId: "45774571-f149-4169-b2ee-8ec45f09185f"
  contact: "86 97978678 (ERIC) [cb2cbf18-d8c3-40eb-a388-d7234ea70615]"
2025-04-13 * "Invoice #692 Order R24131 #22 / SAP2414"
  Income:Sales:SalesItem:Sell18kJewelry -3600 HKD
  category: "Jewelry"
  sku: "DD2025042800000005"
  qty: 1
  referenceNo: "692"
  orderId: "3bd25f99-6f2b-4187-925f-f964c00afbb9"
  type: "Invoice Item"
  sourceId: "59b7da76-2c43-4ca8-a67c-14ae32671632"
  Income:Sales:SalesItem:SellGems -800 HKD
  category: "Gem"
  sku: "SAP2414"
  qty: 1
  referenceNo: "692"
  orderId: "3bd25f99-6f2b-4187-925f-f964c00afbb9"
  type: "Invoice Item"
  sourceId: "5bd6dbce-60c6-4adb-a921-86af616febec"
  Assets:CurrentAssets:AccountReceivable
  referenceNo: "692"
  orderId: "3bd25f99-6f2b-4187-925f-f964c00afbb9"
  type: "Invoice"
  sourceId: "3bd25f99-6f2b-4187-925f-f964c00afbb9"
  contact: "852 67177273 () [d4ede0de-055e-4a6d-8e5a-92040419284f]"
2025-04-13 * "Assets:CurrentAssets:Bank:KpayBank" "Invoice Payment for Invoice #692 #061e2e9f-d2e0-481c-879d-dea8f6a796d6"
  Assets:CurrentAssets:Bank:KpayBank 4400 HKD
  type: "Invoice Payment"
  sourceId: "061e2e9f-d2e0-481c-879d-dea8f6a796d6"
  referenceNo: "692"
  orderId: "3bd25f99-6f2b-4187-925f-f964c00afbb9"
  Assets:CurrentAssets:AccountReceivable -4400 HKD
  type: "Invoice Payment"
  sourceId: "061e2e9f-d2e0-481c-879d-dea8f6a796d6"
  referenceNo: "692"
  orderId: "3bd25f99-6f2b-4187-925f-f964c00afbb9"
  contact: "852 67177273 () [d4ede0de-055e-4a6d-8e5a-92040419284f]"
2025-04-15 * "Bill #1314 ERIC~補貨/客訂"
  referenceNo: "1314"
  orderId: "a08bb36a-720b-47f6-86e9-e4ff16d4a5cf"
  type: "Bill"
  Expenses:CostOfSales:Purchase:PurchaseItem:Buy18kJewelry 2077 CNY
  category: "Jewelry"
  sku: "DD2025041500000003"
  qty: 1
  referenceNo: "1314"
  orderId: "a08bb36a-720b-47f6-86e9-e4ff16d4a5cf"
  type: "Bill Item"
  sourceId: "ca043c39-037b-4750-ba84-207a74b62959"
  Expenses:CostOfSales:Purchase:PurchaseItem:Buy18kJewelry 947 CNY
  category: "Jewelry"
  sku: "DD2025041500000002"
  qty: 1
  referenceNo: "1314"
  orderId: "a08bb36a-720b-47f6-86e9-e4ff16d4a5cf"
  type: "Bill Item"
  sourceId: "fd23e50f-8e0b-46e9-a468-578121753d8e"
  Expenses:CostOfSales:Purchase:PurchaseItem:Buy18kJewelry 1139 CNY
  category: "Jewelry"
  sku: "DD2025041500000001"
  qty: 1
  referenceNo: "1314"
  orderId: "a08bb36a-720b-47f6-86e9-e4ff16d4a5cf"
  type: "Bill Item"
  sourceId: "ebb4db62-ddba-4328-a528-a4b77bfa65bb"
  Liabilities:CurrentLiabilities:AccountPayable
  referenceNo: "1314"
  orderId: "a08bb36a-720b-47f6-86e9-e4ff16d4a5cf"
  type: "Bill"
  sourceId: "a08bb36a-720b-47f6-86e9-e4ff16d4a5cf"
  contact: "86 97978678 (ERIC) [cb2cbf18-d8c3-40eb-a388-d7234ea70615]"
2025-04-15 * "86 97978678 (ERIC) [cb2cbf18-d8c3-40eb-a388-d7234ea70615]" "Bill Payment for Bill #1314 #089e121c-d12f-4f63-a21c-4895cc7205f4"
  contact: "86 97978678 (ERIC) [cb2cbf18-d8c3-40eb-a388-d7234ea70615]"
  Liabilities:CurrentLiabilities:AccountPayable 1 CNY
  type: "Bill Payment"
  sourceId: "089e121c-d12f-4f63-a21c-4895cc7205f4"
  referenceNo: "1314"
  orderId: "a08bb36a-720b-47f6-86e9-e4ff16d4a5cf"
  Expenses:CostOfSales:PurchaseDiscount -1 CNY
  type: "Bill Payment"
  sourceId: "089e121c-d12f-4f63-a21c-4895cc7205f4"
  referenceNo: "1314"
  orderId: "a08bb36a-720b-47f6-86e9-e4ff16d4a5cf"
2025-04-15 * "Invoice #692 Stock R24126 #12"
  Income:Sales:SalesItem:Sell18kJewelry -2500 HKD
  category: "Jewelry"
  sku: "DD2024031800000004"
  qty: 1
  referenceNo: "692"
  orderId: "61e9dc04-2c40-4d3c-95a1-5f50e7b9cc37"
  type: "Invoice Item"
  sourceId: "fc3e1de4-cde6-4ae7-af08-e48703274c97"
  Assets:CurrentAssets:AccountReceivable
  referenceNo: "692"
  orderId: "61e9dc04-2c40-4d3c-95a1-5f50e7b9cc37"
  type: "Invoice"
  sourceId: "61e9dc04-2c40-4d3c-95a1-5f50e7b9cc37"
  contact: "852 67177273 () [d4ede0de-055e-4a6d-8e5a-92040419284f]"
2025-04-15 * "86 97978678 (ERIC) [cb2cbf18-d8c3-40eb-a388-d7234ea70615]" "Bill Payment for Bill #1314 #41b69e47-bfec-40c2-8738-30609bb37908"
  contact: "86 97978678 (ERIC) [cb2cbf18-d8c3-40eb-a388-d7234ea70615]"
  Liabilities:CurrentLiabilities:AccountPayable 4162 CNY
  type: "Bill Payment"
  sourceId: "41b69e47-bfec-40c2-8738-30609bb37908"
  referenceNo: "1314"
  orderId: "a08bb36a-720b-47f6-86e9-e4ff16d4a5cf"
  Assets:CurrentAssets:TradeDeposit:TradeDeposit-Eric -4162 CNY
  type: "Bill Payment"
  sourceId: "41b69e47-bfec-40c2-8738-30609bb37908"
  referenceNo: "1314"
  orderId: "a08bb36a-720b-47f6-86e9-e4ff16d4a5cf"
2025-04-16 * "Assets:CurrentAssets:Bank:KpayBank" "Invoice Payment for Invoice #692 #bb3282a2-82be-4003-9819-dc5e539f42ba"
  Assets:CurrentAssets:Bank:KpayBank 2500 HKD
  type: "Invoice Payment"
  sourceId: "bb3282a2-82be-4003-9819-dc5e539f42ba"
  referenceNo: "692"
  orderId: "61e9dc04-2c40-4d3c-95a1-5f50e7b9cc37"
  Assets:CurrentAssets:AccountReceivable -2500 HKD
  type: "Invoice Payment"
  sourceId: "bb3282a2-82be-4003-9819-dc5e539f42ba"
  referenceNo: "692"
  orderId: "61e9dc04-2c40-4d3c-95a1-5f50e7b9cc37"
  contact: "852 67177273 () [d4ede0de-055e-4a6d-8e5a-92040419284f]"
2025-04-17 * "Bill #1315 SAP*2 TOTAL:1.30CT"
  referenceNo: "1315"
  orderId: "36e1da9c-f142-4d1a-a5e9-25ab7f640800"
  type: "Bill"
  Expenses:CostOfSales:Purchase:PurchaseItem:BuyGems 1141 HKD
  category: "Gem"
  sku: "SAP2502"
  qty: 1
  referenceNo: "1315"
  orderId: "36e1da9c-f142-4d1a-a5e9-25ab7f640800"
  type: "Bill Item"
  sourceId: "25aa6133-1b48-40f2-8dd9-a66859d95531"
  Expenses:CostOfSales:Purchase:PurchaseItem:BuyGems 1140 HKD
  category: "Gem"
  sku: "SAP2503"
  qty: 1
  referenceNo: "1315"
  orderId: "36e1da9c-f142-4d1a-a5e9-25ab7f640800"
  type: "Bill Item"
  sourceId: "fd123250-e5db-4036-a589-e893c2b7e277"
  Liabilities:CurrentLiabilities:AccountPayable
  referenceNo: "1315"
  orderId: "36e1da9c-f142-4d1a-a5e9-25ab7f640800"
  type: "Bill"
  sourceId: "36e1da9c-f142-4d1a-a5e9-25ab7f640800"
  contact: "852 27332222 () [9fff2798-f1db-47cb-8899-6d52f49f6715]"
2025-04-17 * "852 27332222 () [9fff2798-f1db-47cb-8899-6d52f49f6715]" "Bill Payment for Bill #1315 #2e1444f2-739e-4154-8fd5-5fa78aebe774"
  contact: "852 27332222 () [9fff2798-f1db-47cb-8899-6d52f49f6715]"
  Liabilities:CurrentLiabilities:AccountPayable 2281 HKD
  type: "Bill Payment"
  sourceId: "2e1444f2-739e-4154-8fd5-5fa78aebe774"
  referenceNo: "1315"
  orderId: "36e1da9c-f142-4d1a-a5e9-25ab7f640800"
  Assets:CurrentAssets:Cash:CashInHand -2281 HKD
  type: "Bill Payment"
  sourceId: "2e1444f2-739e-4154-8fd5-5fa78aebe774"
  referenceNo: "1315"
  orderId: "36e1da9c-f142-4d1a-a5e9-25ab7f640800"
2025-04-18 * "Assets:CurrentAssets:Bank:BocSavingBank" "Invoice Payment for Invoice #673 #18e9f907-f43e-45dc-9447-08932bded9ec"
  Assets:CurrentAssets:Bank:BocSavingBank 1450 HKD
  type: "Invoice Payment"
  sourceId: "18e9f907-f43e-45dc-9447-08932bded9ec"
  referenceNo: "673"
  orderId: "ff90d41b-de72-41f1-a4c8-078460a40ffb"
  Assets:CurrentAssets:AccountReceivable -1450 HKD
  type: "Invoice Payment"
  sourceId: "18e9f907-f43e-45dc-9447-08932bded9ec"
  referenceNo: "673"
  orderId: "ff90d41b-de72-41f1-a4c8-078460a40ffb"
  contact: "852 65958447 () [f166fab7-40b3-4644-bc01-8f115babb418]"
2025-04-18 * "Invoice #692 Order R24131 WG #15"
  Income:Sales:SalesItem:Sell18kJewelry -2800 HKD
  category: "Jewelry"
  sku: "DD2025042800000003"
  qty: 1
  referenceNo: "692"
  orderId: "cf2969b6-7f8e-4182-85b3-56854a92477e"
  type: "Invoice Item"
  sourceId: "9266a561-7742-4539-a2b7-962cb6c56c10"
  Assets:CurrentAssets:AccountReceivable
  referenceNo: "692"
  orderId: "cf2969b6-7f8e-4182-85b3-56854a92477e"
  type: "Invoice"
  sourceId: "cf2969b6-7f8e-4182-85b3-56854a92477e"
  contact: "852 98766525 () [268bda41-8649-44c0-9c89-4f060b3fccfb]"
2025-04-18 * "Assets:CurrentAssets:Bank:KpayBank" "Invoice Payment for Invoice #692 #67173cf5-e839-4f29-80c8-92b1565f2431"
  Assets:CurrentAssets:Bank:KpayBank 1350 HKD
  type: "Invoice Payment"
  sourceId: "67173cf5-e839-4f29-80c8-92b1565f2431"
  referenceNo: "692"
  orderId: "cf2969b6-7f8e-4182-85b3-56854a92477e"
  Assets:CurrentAssets:AccountReceivable -1350 HKD
  type: "Invoice Payment"
  sourceId: "67173cf5-e839-4f29-80c8-92b1565f2431"
  referenceNo: "692"
  orderId: "cf2969b6-7f8e-4182-85b3-56854a92477e"
  contact: "852 98766525 () [268bda41-8649-44c0-9c89-4f060b3fccfb]"
2025-04-19 * "Invoice #692 Stock BR2501#14 / Order R24131 #18"
  Income:Sales:SalesItem:Sell18kJewelry -1700 HKD
  category: "Jewelry"
  sku: "DD2025041500000001"
  qty: 1
  referenceNo: "692"
  orderId: "52ee3726-21eb-4fa4-beaf-c27c643dc4fb"
  type: "Invoice Item"
  sourceId: "dbe76fed-c061-447a-a269-133f81e3774c"
  Income:Sales:SalesItem:SellGems -600 HKD
  category: "Gem"
  sku: "SAP2411"
  qty: 1
  referenceNo: "692"
  orderId: "52ee3726-21eb-4fa4-beaf-c27c643dc4fb"
  type: "Invoice Item"
  sourceId: "cec9b6ff-62bf-4edc-952b-d8ce2db126f1"
  Income:Sales:SalesItem:Sell18kJewelry -3500 HKD
  category: "Jewelry"
  sku: "DD2025050500000002"
  qty: 1
  referenceNo: "692"
  orderId: "52ee3726-21eb-4fa4-beaf-c27c643dc4fb"
  type: "Invoice Item"
  sourceId: "f72f5fc3-be72-42e8-83b5-9ec08e18eb74"
  Assets:CurrentAssets:AccountReceivable
  referenceNo: "692"
  orderId: "52ee3726-21eb-4fa4-beaf-c27c643dc4fb"
  type: "Invoice"
  sourceId: "52ee3726-21eb-4fa4-beaf-c27c643dc4fb"
  contact: "852 63836162 () [1d7425cc-ff51-4a90-a75e-13a1f84b7869]"
2025-04-19 * "Invoice #694 Stock R24135 #12"
  Income:Sales:SalesItem:Sell18kJewelry -3300 HKD
  category: "Jewelry"
  sku: "DD2024080700000008"
  qty: 1
  referenceNo: "694"
  orderId: "0b670d9a-8d90-4863-b267-7064ba0a3382"
  type: "Invoice Item"
  sourceId: "84f7aaa9-dd2f-44f1-a9de-98f12725f741"
  Assets:CurrentAssets:AccountReceivable
  referenceNo: "694"
  orderId: "0b670d9a-8d90-4863-b267-7064ba0a3382"
  type: "Invoice"
  sourceId: "0b670d9a-8d90-4863-b267-7064ba0a3382"
  contact: "852 62862390 () [5bbe9d74-a3a1-4beb-818c-738cffb436cc]"
2025-04-19 * "Assets:CurrentAssets:Bank:KpayBank" "Invoice Payment for Invoice #692 #9a2bb6e6-1611-441b-98ab-b447eb9af6e7"
  Assets:CurrentAssets:Bank:KpayBank 4050 HKD
  type: "Invoice Payment"
  sourceId: "9a2bb6e6-1611-441b-98ab-b447eb9af6e7"
  referenceNo: "692"
  orderId: "52ee3726-21eb-4fa4-beaf-c27c643dc4fb"
  Assets:CurrentAssets:AccountReceivable -4050 HKD
  type: "Invoice Payment"
  sourceId: "9a2bb6e6-1611-441b-98ab-b447eb9af6e7"
  referenceNo: "692"
  orderId: "52ee3726-21eb-4fa4-beaf-c27c643dc4fb"
  contact: "852 63836162 () [1d7425cc-ff51-4a90-a75e-13a1f84b7869]"
2025-04-19 * "Assets:CurrentAssets:Bank:KpayBank" "Invoice Payment for Invoice #694 #9f92e039-a5b6-46ca-a99a-ec27b672a12b"
  Assets:CurrentAssets:Bank:KpayBank 3300 HKD
  type: "Invoice Payment"
  sourceId: "9f92e039-a5b6-46ca-a99a-ec27b672a12b"
  referenceNo: "694"
  orderId: "0b670d9a-8d90-4863-b267-7064ba0a3382"
  Assets:CurrentAssets:AccountReceivable -3300 HKD
  type: "Invoice Payment"
  sourceId: "9f92e039-a5b6-46ca-a99a-ec27b672a12b"
  referenceNo: "694"
  orderId: "0b670d9a-8d90-4863-b267-7064ba0a3382"
  contact: "852 62862390 () [5bbe9d74-a3a1-4beb-818c-738cffb436cc]"
2025-04-20 * "Invoice #694 Stock R24125 #16"
  Income:Sales:SalesItem:Sell18kJewelry -2500 HKD
  category: "Jewelry"
  sku: "DD2024123100000012"
  qty: 1
  referenceNo: "694"
  orderId: "ff8820d6-abe8-45f6-ac09-e3b39b4a70ab"
  type: "Invoice Item"
  sourceId: "b4f00efe-4eff-457c-9c22-bed19ce5949b"
  Assets:CurrentAssets:AccountReceivable
  referenceNo: "694"
  orderId: "ff8820d6-abe8-45f6-ac09-e3b39b4a70ab"
  type: "Invoice"
  sourceId: "ff8820d6-abe8-45f6-ac09-e3b39b4a70ab"
  contact: "852 93890401 () [b1cfbb25-eaeb-4a0a-9ae3-a3eddc6151ee]"
2025-04-20 * "Invoice #696 Stock R24125 #14"
  Income:Sales:SalesItem:Sell18kJewelry -2500 HKD
  category: "Jewelry"
  sku: "DD2024123100000011"
  qty: 1
  referenceNo: "696"
  orderId: "39ab84ab-5cf9-4d0a-93af-50ee87883c7e"
  type: "Invoice Item"
  sourceId: "9f49d48f-a9e3-4373-aec4-f3766ce89fb3"
  Assets:CurrentAssets:AccountReceivable
  referenceNo: "696"
  orderId: "39ab84ab-5cf9-4d0a-93af-50ee87883c7e"
  type: "Invoice"
  sourceId: "39ab84ab-5cf9-4d0a-93af-50ee87883c7e"
  contact: "852 91866387 () [869d5710-fed8-40c7-8023-19190d29f2e9]"
2025-04-20 * "Assets:CurrentAssets:Bank:KpayBank" "Invoice Payment for Invoice #694 #769f783c-8360-4d1e-bb28-f970f304e5e7"
  Assets:CurrentAssets:Bank:KpayBank 2500 HKD
  type: "Invoice Payment"
  sourceId: "769f783c-8360-4d1e-bb28-f970f304e5e7"
  referenceNo: "694"
  orderId: "ff8820d6-abe8-45f6-ac09-e3b39b4a70ab"
  Assets:CurrentAssets:AccountReceivable -2500 HKD
  type: "Invoice Payment"
  sourceId: "769f783c-8360-4d1e-bb28-f970f304e5e7"
  referenceNo: "694"
  orderId: "ff8820d6-abe8-45f6-ac09-e3b39b4a70ab"
  contact: "852 93890401 () [b1cfbb25-eaeb-4a0a-9ae3-a3eddc6151ee]"
2025-04-22 * "Bill #1324 G17電費(2025-03月)"
  referenceNo: "1324"
  orderId: "ea034dbf-bb15-4141-9657-afded2b902a5"
  type: "Bill"
  Expenses:GeneralExpense:ElectricityLightHeating 2148 HKD
  qty: "1"
  description: "G17電費(2025-03月)"
  referenceNo: "1324"
  orderId: "ea034dbf-bb15-4141-9657-afded2b902a5"
  type: "Bill Item"
  sourceId: "338bd5fb-51a9-4707-bb52-4cc9f0b57b52"
  Liabilities:CurrentLiabilities:AccountPayable
  referenceNo: "1324"
  orderId: "ea034dbf-bb15-4141-9657-afded2b902a5"
  type: "Bill"
  sourceId: "ea034dbf-bb15-4141-9657-afded2b902a5"
  contact: "880 806 () [53b8789a-4451-4a1f-84f7-a9c5da7ada1a]"
2025-04-22 * "880 806 () [53b8789a-4451-4a1f-84f7-a9c5da7ada1a]" "Bill Payment for Bill #1324 #91c12741-172f-4f5b-9c60-4ae9b6a2fddd"
  contact: "880 806 () [53b8789a-4451-4a1f-84f7-a9c5da7ada1a]"
  Liabilities:CurrentLiabilities:AccountPayable 2148 HKD
  type: "Bill Payment"
  sourceId: "91c12741-172f-4f5b-9c60-4ae9b6a2fddd"
  referenceNo: "1324"
  orderId: "ea034dbf-bb15-4141-9657-afded2b902a5"
  Assets:CurrentAssets:Cash:CashInHand -2148 HKD
  type: "Bill Payment"
  sourceId: "91c12741-172f-4f5b-9c60-4ae9b6a2fddd"
  referenceNo: "1324"
  orderId: "ea034dbf-bb15-4141-9657-afded2b902a5"
2025-04-22 * "Assets:CurrentAssets:Bank:BocSavingBank" "Invoice Payment for Invoice #696 #0f5d86fb-979e-4ffe-b8b2-4b15fb950575"
  Assets:CurrentAssets:Bank:BocSavingBank 2500 HKD
  type: "Invoice Payment"
  sourceId: "0f5d86fb-979e-4ffe-b8b2-4b15fb950575"
  referenceNo: "696"
  orderId: "39ab84ab-5cf9-4d0a-93af-50ee87883c7e"
  Assets:CurrentAssets:AccountReceivable -2500 HKD
  type: "Invoice Payment"
  sourceId: "0f5d86fb-979e-4ffe-b8b2-4b15fb950575"
  referenceNo: "696"
  orderId: "39ab84ab-5cf9-4d0a-93af-50ee87883c7e"
  contact: "852 91866387 () [869d5710-fed8-40c7-8023-19190d29f2e9]"
2025-04-24 * "Bill #1342 4月2025年MPF"
  referenceNo: "1342"
  orderId: "dcdc0e62-50e0-4414-bbb0-aadc9bd2a84e"
  type: "Bill"
  Expenses:GeneralExpense:Mpf 7500 HKD
  qty: "1"
  description: " 4月2025年MPF"
  referenceNo: "1342"
  orderId: "dcdc0e62-50e0-4414-bbb0-aadc9bd2a84e"
  type: "Bill Item"
  sourceId: "e7a4631a-7bcc-4b29-889e-964dff1e9318"
  Liabilities:CurrentLiabilities:AccountPayable
  referenceNo: "1342"
  orderId: "dcdc0e62-50e0-4414-bbb0-aadc9bd2a84e"
  type: "Bill"
  sourceId: "dcdc0e62-50e0-4414-bbb0-aadc9bd2a84e"
  contact: "880 806 () [53b8789a-4451-4a1f-84f7-a9c5da7ada1a]"
2025-04-24 * "880 806 () [53b8789a-4451-4a1f-84f7-a9c5da7ada1a]" "Bill Payment for Bill #1342 #fe16c4d1-febb-4eb0-a2f4-d1b4b863fa88"
  contact: "880 806 () [53b8789a-4451-4a1f-84f7-a9c5da7ada1a]"
  Liabilities:CurrentLiabilities:AccountPayable 7500 HKD
  type: "Bill Payment"
  sourceId: "fe16c4d1-febb-4eb0-a2f4-d1b4b863fa88"
  referenceNo: "1342"
  orderId: "dcdc0e62-50e0-4414-bbb0-aadc9bd2a84e"
  Assets:CurrentAssets:Bank:BocCurrentBank -7500 HKD
  type: "Bill Payment"
  sourceId: "fe16c4d1-febb-4eb0-a2f4-d1b4b863fa88"
  referenceNo: "1342"
  orderId: "dcdc0e62-50e0-4414-bbb0-aadc9bd2a84e"
2025-04-24 * "Invoice #696 Order R24126 #17"
  Income:Sales:SalesItem:Sell18kJewelry -2500 HKD
  category: "Jewelry"
  sku: "DD2025050500000001"
  qty: 1
  referenceNo: "696"
  orderId: "f4a84637-73c0-44ec-918e-b163fcfcd077"
  type: "Invoice Item"
  sourceId: "ac4fa238-51cc-4b47-a626-d06b4794a705"
  Assets:CurrentAssets:AccountReceivable
  referenceNo: "696"
  orderId: "f4a84637-73c0-44ec-918e-b163fcfcd077"
  type: "Invoice"
  sourceId: "f4a84637-73c0-44ec-918e-b163fcfcd077"
  contact: "852 95165020 () [42d4648b-31a7-42c1-bca3-da1c2602bebd]"
2025-04-24 * "Assets:CurrentAssets:Bank:KpayBank" "Invoice Payment for Invoice #696 #97053051-9278-412d-9c0d-9f6688798c52"
  Assets:CurrentAssets:Bank:KpayBank 2500 HKD
  type: "Invoice Payment"
  sourceId: "97053051-9278-412d-9c0d-9f6688798c52"
  referenceNo: "696"
  orderId: "f4a84637-73c0-44ec-918e-b163fcfcd077"
  Assets:CurrentAssets:AccountReceivable -2500 HKD
  type: "Invoice Payment"
  sourceId: "97053051-9278-412d-9c0d-9f6688798c52"
  referenceNo: "696"
  orderId: "f4a84637-73c0-44ec-918e-b163fcfcd077"
  contact: "852 95165020 () [42d4648b-31a7-42c1-bca3-da1c2602bebd]"
2025-04-25 * "Bill #1400 BOC VISA Card - Sam 4月 2025"
  referenceNo: "1400"
  orderId: "756029e6-9295-4e55-9312-59dc6b3ea8a5"
  type: "Bill"
  Liabilities:CurrentLiabilities:CurrentAccount:C-a-MilwaysGoldLimited 3340.09 HKD
  qty: "1"
  description: "Doris 3月2025 "
  referenceNo: "1400"
  orderId: "756029e6-9295-4e55-9312-59dc6b3ea8a5"
  type: "Bill Item"
  sourceId: "b6bf84bc-5a64-4abc-85ba-c9b859bcdd9f"
  Liabilities:CurrentLiabilities:CurrentAccount:C-a-MilwaysGoldLimited 5339.28 HKD
  qty: "1"
  description: "公司白色POLO制服 X50"
  referenceNo: "1400"
  orderId: "756029e6-9295-4e55-9312-59dc6b3ea8a5"
  type: "Bill Item"
  sourceId: "a7b3591f-3632-4d0c-a1d6-16d9b6059165"
  Liabilities:CurrentLiabilities:CurrentAccount:C-a-MilwaysGoldLimited 3338.89 HKD
  qty: "1"
  description: "Milways Gold - 淘寶雜項"
  referenceNo: "1400"
  orderId: "756029e6-9295-4e55-9312-59dc6b3ea8a5"
  type: "Bill Item"
  sourceId: "d0c936e6-3042-4bd5-8ab5-150524afe5f6"
  Liabilities:CurrentLiabilities:AccountPayable
  referenceNo: "1400"
  orderId: "756029e6-9295-4e55-9312-59dc6b3ea8a5"
  type: "Bill"
  sourceId: "756029e6-9295-4e55-9312-59dc6b3ea8a5"
  contact: "880 806 () [53b8789a-4451-4a1f-84f7-a9c5da7ada1a]"
2025-04-25 * "Bill #1344 G17 4月2025 租金 (24/3-23/4)"
  referenceNo: "1344"
  orderId: "e5c10b22-b7ab-4fdd-8e03-fddf4097db5b"
  type: "Bill"
  Expenses:GeneralExpense:Rent 48000 HKD
  qty: "1"
  description: "G17 4月2025 租金- 補交 (24/3-23/4)"
  referenceNo: "1344"
  orderId: "e5c10b22-b7ab-4fdd-8e03-fddf4097db5b"
  type: "Bill Item"
  sourceId: "40a9ddfd-7188-46f3-9baf-c5657e2fe4f9"
  Liabilities:CurrentLiabilities:AccountPayable
  referenceNo: "1344"
  orderId: "e5c10b22-b7ab-4fdd-8e03-fddf4097db5b"
  type: "Bill"
  sourceId: "e5c10b22-b7ab-4fdd-8e03-fddf4097db5b"
  contact: "880 806 () [53b8789a-4451-4a1f-84f7-a9c5da7ada1a]"
2025-04-25 * "Bill #1397 BOC VISA Card - David 4月 2025"
  referenceNo: "1397"
  orderId: "9d5ad024-e22e-469d-83f7-ea378c0d4bc1"
  type: "Bill"
  Expenses:GeneralExpense:Subscriptions 158.34 HKD
  qty: "1"
  description: "VERCEL INC. USD 20 (22 Aprr 2025)"
  referenceNo: "1397"
  orderId: "9d5ad024-e22e-469d-83f7-ea378c0d4bc1"
  type: "Bill Item"
  sourceId: "8f131beb-1c30-4a79-ad46-21bd9d8355a4"
  Expenses:GeneralExpense:Subscriptions 102 HKD
  qty: "1"
  description: "Microsoft*Microsoft (27 Mar 2025)"
  referenceNo: "1397"
  orderId: "9d5ad024-e22e-469d-83f7-ea378c0d4bc1"
  type: "Bill Item"
  sourceId: "2b70aa77-4d36-41cb-a5bc-c74abff83e30"
  Expenses:GeneralExpense:BankFeesExpense 0.74 HKD
  qty: "1"
  description: "Bank Fee - 集團 CCTV監控系統訂閱費 TP-LINK GLOBAL INC. 1 Apr 2025"
  referenceNo: "1397"
  orderId: "9d5ad024-e22e-469d-83f7-ea378c0d4bc1"
  type: "Bill Item"
  sourceId: "c58754dd-2e4b-48fa-b10e-9fc4f90670ee"
  Liabilities:CurrentLiabilities:CurrentAccount:C-a-MilwaysGoldLimited 93 HKD
  qty: "1"
  description: "集團 CCTV監控系統訂閱費 TP-LINK GLOBAL INC. 1 Apr 2025"
  referenceNo: "1397"
  orderId: "9d5ad024-e22e-469d-83f7-ea378c0d4bc1"
  type: "Bill Item"
  sourceId: "16ba08ae-d650-4ac6-9544-ef0addbc6f07"
  Liabilities:CurrentLiabilities:CurrentAccount:C-a-MilwaysFactoryLtd 3895.25 HKD
  qty: "1"
  description: "Milways Factory - 物資"
  referenceNo: "1397"
  orderId: "9d5ad024-e22e-469d-83f7-ea378c0d4bc1"
  type: "Bill Item"
  sourceId: "ebee6d40-4f8a-451e-81d4-415615ba3cef"
  Liabilities:CurrentLiabilities:CurrentAccount:C-a-MilwaysGoldLimited 10228.26 HKD
  qty: "1"
  description: "Milways Gold -  物資"
  referenceNo: "1397"
  orderId: "9d5ad024-e22e-469d-83f7-ea378c0d4bc1"
  type: "Bill Item"
  sourceId: "dfa1fa61-82a2-444c-9747-686d295d8343"
  Liabilities:CurrentLiabilities:AccountPayable
  referenceNo: "1397"
  orderId: "9d5ad024-e22e-469d-83f7-ea378c0d4bc1"
  type: "Bill"
  sourceId: "9d5ad024-e22e-469d-83f7-ea378c0d4bc1"
  contact: "880 806 () [53b8789a-4451-4a1f-84f7-a9c5da7ada1a]"
2025-04-25 * "880 806 () [53b8789a-4451-4a1f-84f7-a9c5da7ada1a]" "Bill Payment for Bill #1397 #4ae83476-bb9b-4e03-ad72-b6f6108cdef1"
  contact: "880 806 () [53b8789a-4451-4a1f-84f7-a9c5da7ada1a]"
  Liabilities:CurrentLiabilities:AccountPayable 14477.59 HKD
  type: "Bill Payment"
  sourceId: "4ae83476-bb9b-4e03-ad72-b6f6108cdef1"
  referenceNo: "1397"
  orderId: "9d5ad024-e22e-469d-83f7-ea378c0d4bc1"
  Assets:CurrentAssets:Bank:BocVisaCard-DavidBank -14477.59 HKD
  type: "Bill Payment"
  sourceId: "4ae83476-bb9b-4e03-ad72-b6f6108cdef1"
  referenceNo: "1397"
  orderId: "9d5ad024-e22e-469d-83f7-ea378c0d4bc1"
2025-04-25 * "880 806 () [53b8789a-4451-4a1f-84f7-a9c5da7ada1a]" "Bill Payment for Bill #1400 #61e3620c-56f7-46a8-89b5-aa3720aafe69"
  contact: "880 806 () [53b8789a-4451-4a1f-84f7-a9c5da7ada1a]"
  Liabilities:CurrentLiabilities:AccountPayable 12018.26 HKD
  type: "Bill Payment"
  sourceId: "61e3620c-56f7-46a8-89b5-aa3720aafe69"
  referenceNo: "1400"
  orderId: "756029e6-9295-4e55-9312-59dc6b3ea8a5"
  Assets:CurrentAssets:Bank:BocVisaCard-SamBank -12018.26 HKD
  type: "Bill Payment"
  sourceId: "61e3620c-56f7-46a8-89b5-aa3720aafe69"
  referenceNo: "1400"
  orderId: "756029e6-9295-4e55-9312-59dc6b3ea8a5"
2025-04-25 * "880 806 () [53b8789a-4451-4a1f-84f7-a9c5da7ada1a]" "Bill Payment for Bill #1344 #9a0cc673-60e6-44c8-a23d-c33cbc513cf9"
  contact: "880 806 () [53b8789a-4451-4a1f-84f7-a9c5da7ada1a]"
  Liabilities:CurrentLiabilities:AccountPayable 48000 HKD
  type: "Bill Payment"
  sourceId: "9a0cc673-60e6-44c8-a23d-c33cbc513cf9"
  referenceNo: "1344"
  orderId: "e5c10b22-b7ab-4fdd-8e03-fddf4097db5b"
  Assets:CurrentAssets:Bank:BocCurrentBank -48000 HKD
  type: "Bill Payment"
  sourceId: "9a0cc673-60e6-44c8-a23d-c33cbc513cf9"
  referenceNo: "1344"
  orderId: "e5c10b22-b7ab-4fdd-8e03-fddf4097db5b"
2025-04-25 * "Invoice #704 Stock R24136 #15"
  Income:Sales:SalesItem:Sell18kJewelry -3800 HKD
  category: "Jewelry"
  sku: "DD2024080700000011"
  qty: 1
  referenceNo: "704"
  orderId: "f15b1cf4-26db-4e4e-9190-83366bc01793"
  type: "Invoice Item"
  sourceId: "16c065db-6f43-4aa0-ac75-1513c23af971"
  Income:Sales:SalesItem:Sell18kJewelry -0 HKD
  category: "Jewelry"
  sku: "DD2025010800000005"
  qty: 1
  referenceNo: "704"
  orderId: "f15b1cf4-26db-4e4e-9190-83366bc01793"
  type: "Invoice Item"
  sourceId: "78f9e15a-89c4-4077-801f-7bfe37a6c892"
  Assets:CurrentAssets:AccountReceivable
  referenceNo: "704"
  orderId: "f15b1cf4-26db-4e4e-9190-83366bc01793"
  type: "Invoice"
  sourceId: "f15b1cf4-26db-4e4e-9190-83366bc01793"
  contact: "852 67373669 () [d3a30370-cdab-4e7c-9d61-4f2de749d4b7]"
2025-04-25 * "Assets:CurrentAssets:Bank:BocSavingBank" "Invoice Payment for Invoice #692 #1258c79f-048d-4ee8-9e27-8e90bed9b76d"
  Assets:CurrentAssets:Bank:BocSavingBank 2400 HKD
  type: "Invoice Payment"
  sourceId: "1258c79f-048d-4ee8-9e27-8e90bed9b76d"
  referenceNo: "692"
  orderId: "312e6281-d76f-4796-a687-1fa68111506c"
  Assets:CurrentAssets:AccountReceivable -2400 HKD
  type: "Invoice Payment"
  sourceId: "1258c79f-048d-4ee8-9e27-8e90bed9b76d"
  referenceNo: "692"
  orderId: "312e6281-d76f-4796-a687-1fa68111506c"
  contact: "852 93309768 (No Name) [59a60ba1-1f16-4687-9f70-9a030627e7c8]"
2025-04-25 * "Assets:CurrentAssets:Bank:KpayBank" "Invoice Payment for Invoice #704 #4bb0864d-d1a9-46ff-b196-8c453327959f"
  Assets:CurrentAssets:Bank:KpayBank 3800 HKD
  type: "Invoice Payment"
  sourceId: "4bb0864d-d1a9-46ff-b196-8c453327959f"
  referenceNo: "704"
  orderId: "f15b1cf4-26db-4e4e-9190-83366bc01793"
  Assets:CurrentAssets:AccountReceivable -3800 HKD
  type: "Invoice Payment"
  sourceId: "4bb0864d-d1a9-46ff-b196-8c453327959f"
  referenceNo: "704"
  orderId: "f15b1cf4-26db-4e4e-9190-83366bc01793"
  contact: "852 67373669 () [d3a30370-cdab-4e7c-9d61-4f2de749d4b7]"
2025-04-26 * "Bill #1316 INV#984 +1STOCK頸鏈"
  referenceNo: "1316"
  orderId: "22c83aae-bc62-462a-a41e-59536bb00fd0"
  type: "Bill"
  Expenses:CostOfSales:Purchase:PurchaseItem:Buy18kJewelry 1880 HKD
  category: "Jewelry"
  sku: "DD2025042500000001"
  qty: 1
  referenceNo: "1316"
  orderId: "22c83aae-bc62-462a-a41e-59536bb00fd0"
  type: "Bill Item"
  sourceId: "4cec80bf-a0f4-40f2-b23e-fdb340d129df"
  Expenses:CostOfSales:Purchase:PurchaseItem:BuyBespoke 2049 HKD
  category: "Jewelry"
  sku: "DDBESPOKE00000023"
  qty: 1
  referenceNo: "1316"
  orderId: "22c83aae-bc62-462a-a41e-59536bb00fd0"
  type: "Bill Item"
  sourceId: "ec520f8f-a6ec-4c85-acbf-500611fdfd75"
  Liabilities:CurrentLiabilities:AccountPayable
  referenceNo: "1316"
  orderId: "22c83aae-bc62-462a-a41e-59536bb00fd0"
  type: "Bill"
  sourceId: "22c83aae-bc62-462a-a41e-59536bb00fd0"
  contact: "86 13502891558 () [0855f826-2f3a-4788-bfb1-5f09653c1ad0]"
2025-04-26 * "Invoice #704 STAFF~R24160"
  Income:Sales:SalesItem:Sell18kJewelry -500 HKD
  category: "Jewelry"
  sku: "DD2024122700000020"
  qty: 1
  referenceNo: "704"
  orderId: "73deb2b9-d3ca-477a-93f4-43cef332978d"
  type: "Invoice Item"
  sourceId: "87cdc46f-0ea8-4241-99f2-6ce736cf9a97"
  Assets:CurrentAssets:AccountReceivable
  referenceNo: "704"
  orderId: "73deb2b9-d3ca-477a-93f4-43cef332978d"
  type: "Invoice"
  sourceId: "73deb2b9-d3ca-477a-93f4-43cef332978d"
  contact: "852 90551171 (VIDA) [e6849602-7837-4c55-9238-f7eacce03b4f]"
2025-04-26 * "86 13502891558 () [0855f826-2f3a-4788-bfb1-5f09653c1ad0]" "Bill Payment for Bill #1316 #4ea3053d-4952-4b2b-b2f9-26e3f7b02c46"
  contact: "86 13502891558 () [0855f826-2f3a-4788-bfb1-5f09653c1ad0]"
  Liabilities:CurrentLiabilities:AccountPayable 3929 HKD
  type: "Bill Payment"
  sourceId: "4ea3053d-4952-4b2b-b2f9-26e3f7b02c46"
  referenceNo: "1316"
  orderId: "22c83aae-bc62-462a-a41e-59536bb00fd0"
  Assets:CurrentAssets:Cash:CashInHand -3929 HKD
  type: "Bill Payment"
  sourceId: "4ea3053d-4952-4b2b-b2f9-26e3f7b02c46"
  referenceNo: "1316"
  orderId: "22c83aae-bc62-462a-a41e-59536bb00fd0"
2025-04-26 * "Assets:CurrentAssets:Cash:CashInHand" "Invoice Payment for Invoice #704 #1688e2a4-7845-4271-839c-11cf2daefa05"
  Assets:CurrentAssets:Cash:CashInHand 500 HKD
  type: "Invoice Payment"
  sourceId: "1688e2a4-7845-4271-839c-11cf2daefa05"
  referenceNo: "704"
  orderId: "73deb2b9-d3ca-477a-93f4-43cef332978d"
  Assets:CurrentAssets:AccountReceivable -500 HKD
  type: "Invoice Payment"
  sourceId: "1688e2a4-7845-4271-839c-11cf2daefa05"
  referenceNo: "704"
  orderId: "73deb2b9-d3ca-477a-93f4-43cef332978d"
  contact: "852 90551171 (VIDA) [e6849602-7837-4c55-9238-f7eacce03b4f]"
2025-04-26 * "Invoice #704 STAFF~ANGEL BESPOKE PT RING*3"
  Income:Sales:SalesItem:SellBespokeorotherFee -2500 HKD
  category: "Jewelry"
  sku: "DDBESPOKE00000025"
  qty: 1
  referenceNo: "704"
  orderId: "cc929d9c-d403-4e86-831c-cf11049c8e38"
  type: "Invoice Item"
  sourceId: "0acf6b30-d3a8-4de2-8863-384bbfc836da"
  Income:Sales:SalesItem:SellBespokeorotherFee -2400 HKD
  category: "Jewelry"
  sku: "DDBESPOKE00000024"
  qty: 1
  referenceNo: "704"
  orderId: "cc929d9c-d403-4e86-831c-cf11049c8e38"
  type: "Invoice Item"
  sourceId: "e7128c11-62a0-40b0-8871-7382fa03e24f"
  Income:Sales:SalesItem:SellBespokeorotherFee -2900 HKD
  category: "Jewelry"
  sku: "DDBESPOKE00000026"
  qty: 1
  referenceNo: "704"
  orderId: "cc929d9c-d403-4e86-831c-cf11049c8e38"
  type: "Invoice Item"
  sourceId: "7838855c-91f7-4a5c-bbf9-545fba940737"
  Assets:CurrentAssets:AccountReceivable
  referenceNo: "704"
  orderId: "cc929d9c-d403-4e86-831c-cf11049c8e38"
  type: "Invoice"
  sourceId: "cc929d9c-d403-4e86-831c-cf11049c8e38"
  contact: "852 62244993 () [fb9ae1b4-9eca-49c0-91ed-1c1be0e96949]"
2025-04-26 * "Assets:CurrentAssets:Bank:KpayBank" "Invoice Payment for Invoice #692 #3055a6b6-e1db-4a92-ac2d-5b91450329c8"
  Assets:CurrentAssets:Bank:KpayBank 300 HKD
  type: "Invoice Payment"
  sourceId: "3055a6b6-e1db-4a92-ac2d-5b91450329c8"
  referenceNo: "692"
  orderId: "734ecaec-3faa-41b0-9710-6b09f88be301"
  Assets:CurrentAssets:AccountReceivable -300 HKD
  type: "Invoice Payment"
  sourceId: "3055a6b6-e1db-4a92-ac2d-5b91450329c8"
  referenceNo: "692"
  orderId: "734ecaec-3faa-41b0-9710-6b09f88be301"
  contact: "880 802 (Walk in) [42348712-7daa-4c29-93b7-756b472429a4]"
2025-04-27 * "Bill #1317 BESPOKE PT RING"
  referenceNo: "1317"
  orderId: "6c750303-0e25-49b2-9c70-57144e190076"
  type: "Bill"
  Expenses:CostOfSales:Purchase:PurchaseItem:BuyBespoke 1485 HKD
  category: "Jewelry"
  sku: "DDBESPOKE00000025"
  qty: 1
  referenceNo: "1317"
  orderId: "6c750303-0e25-49b2-9c70-57144e190076"
  type: "Bill Item"
  sourceId: "3ee7b320-c096-4674-9cc4-9eb62a214ae7"
  Expenses:CostOfSales:Purchase:PurchaseItem:BuyBespoke 1420 HKD
  category: "Jewelry"
  sku: "DDBESPOKE00000024"
  qty: 1
  referenceNo: "1317"
  orderId: "6c750303-0e25-49b2-9c70-57144e190076"
  type: "Bill Item"
  sourceId: "c62178e5-4538-47a5-a214-e78467cab0b7"
  Expenses:CostOfSales:Purchase:PurchaseItem:BuyBespoke 2095 HKD
  category: "Jewelry"
  sku: "DDBESPOKE00000026"
  qty: 1
  referenceNo: "1317"
  orderId: "6c750303-0e25-49b2-9c70-57144e190076"
  type: "Bill Item"
  sourceId: "10fb731f-cdc6-42a7-a8ff-d6a924b3e86b"
  Liabilities:CurrentLiabilities:AccountPayable
  referenceNo: "1317"
  orderId: "6c750303-0e25-49b2-9c70-57144e190076"
  type: "Bill"
  sourceId: "6c750303-0e25-49b2-9c70-57144e190076"
  contact: "86 13502891558 () [0855f826-2f3a-4788-bfb1-5f09653c1ad0]"
2025-04-27 * "Assets:CurrentAssets:Cash:CashInHand" "Invoice Payment for Invoice #704 #fa086c3e-23fd-4a7a-9c14-da13ea9d37f9"
  Assets:CurrentAssets:Cash:CashInHand 7800 HKD
  type: "Invoice Payment"
  sourceId: "fa086c3e-23fd-4a7a-9c14-da13ea9d37f9"
  referenceNo: "704"
  orderId: "cc929d9c-d403-4e86-831c-cf11049c8e38"
  Assets:CurrentAssets:AccountReceivable -7800 HKD
  type: "Invoice Payment"
  sourceId: "fa086c3e-23fd-4a7a-9c14-da13ea9d37f9"
  referenceNo: "704"
  orderId: "cc929d9c-d403-4e86-831c-cf11049c8e38"
  contact: "852 62244993 () [fb9ae1b4-9eca-49c0-91ed-1c1be0e96949]"
2025-04-28 * "Bill #1337 AE Credit Card payment (25年4月)"
  referenceNo: "1337"
  orderId: "2f1679dd-0743-447c-aa1a-3609e6fbb85b"
  type: "Bill"
  Expenses:GeneralExpense:Subscriptions 1061.86 HKD
  qty: "1"
  description: "GOOGLE*GSUITE MILWAYS.C CC GOOGLE.COM"
  referenceNo: "1337"
  orderId: "2f1679dd-0743-447c-aa1a-3609e6fbb85b"
  type: "Bill Item"
  sourceId: "ea3d3238-df07-4480-8229-296b22f9f0f4"
  Expenses:GeneralExpense:Subscriptions 952.55 HKD
  qty: "1"
  description: "DUO.COM (USD 120)"
  referenceNo: "1337"
  orderId: "2f1679dd-0743-447c-aa1a-3609e6fbb85b"
  type: "Bill Item"
  sourceId: "4c01746a-a2fe-4d02-853e-eef6e6d24aee"
  Expenses:GeneralExpense:OfficeExpenses 1728 HKD
  qty: "1"
  description: "COVA 朱古力送 CITIC (SCOTT, DORIS, JEFF, ) 卓遠 (BONNIE, KEITH)"
  referenceNo: "1337"
  orderId: "2f1679dd-0743-447c-aa1a-3609e6fbb85b"
  type: "Bill Item"
  sourceId: "835c5221-3f1d-444a-8aa0-e1264cce57df"
  Expenses:GeneralExpense:Subscriptions 1030.22 HKD
  qty: "1"
  description: "BT*SEMRUSH (USD 129.95)"
  referenceNo: "1337"
  orderId: "2f1679dd-0743-447c-aa1a-3609e6fbb85b"
  type: "Bill Item"
  sourceId: "c8b781d4-102d-4892-9adb-31f3aee58f0a"
  Expenses:GeneralExpense:Subscriptions 7500 HKD
  qty: "1"
  description: "FACEBK *5YYA8PGZM2"
  referenceNo: "1337"
  orderId: "2f1679dd-0743-447c-aa1a-3609e6fbb85b"
  type: "Bill Item"
  sourceId: "71de6a88-623b-443a-8caa-c0c10119948b"
  Expenses:GeneralExpense:Subscriptions 66.43 HKD
  qty: "1"
  description: "FACEBK *KPH38QYZM2"
  referenceNo: "1337"
  orderId: "2f1679dd-0743-447c-aa1a-3609e6fbb85b"
  type: "Bill Item"
  sourceId: "b3a64d81-4ac8-4ced-9989-ea891c1a4f38"
  Liabilities:CurrentLiabilities:AccountPayable
  referenceNo: "1337"
  orderId: "2f1679dd-0743-447c-aa1a-3609e6fbb85b"
  type: "Bill"
  sourceId: "2f1679dd-0743-447c-aa1a-3609e6fbb85b"
  contact: "880 806 () [53b8789a-4451-4a1f-84f7-a9c5da7ada1a]"
2025-04-28 * "Liabilities:CurrentLiabilities:CurrentAccount:C-a-DirectorDavidKwan" "Invoice Payment for Invoice #704 #422e0a69-2973-42e6-9da4-98b4f0b541cc"
  Liabilities:CurrentLiabilities:CurrentAccount:C-a-DirectorDavidKwan 4900 HKD
  type: "Invoice Payment"
  sourceId: "422e0a69-2973-42e6-9da4-98b4f0b541cc"
  referenceNo: "704"
  orderId: "0095f292-e00c-4c8b-a311-f58010ab5fe6"
  Assets:CurrentAssets:AccountReceivable -4900 HKD
  type: "Invoice Payment"
  sourceId: "422e0a69-2973-42e6-9da4-98b4f0b541cc"
  referenceNo: "704"
  orderId: "0095f292-e00c-4c8b-a311-f58010ab5fe6"
  contact: "998 12345708 (David Kwan(Director)) [02ab8da0-959b-440e-9733-c02eab1b0288]"
2025-04-28 * "880 806 () [53b8789a-4451-4a1f-84f7-a9c5da7ada1a]" "Bill Payment for Bill #1337 #37fe19b5-0e99-49cb-8832-fd6f0b4b1dbc"
  contact: "880 806 () [53b8789a-4451-4a1f-84f7-a9c5da7ada1a]"
  Liabilities:CurrentLiabilities:AccountPayable 12339.06 HKD
  type: "Bill Payment"
  sourceId: "37fe19b5-0e99-49cb-8832-fd6f0b4b1dbc"
  referenceNo: "1337"
  orderId: "2f1679dd-0743-447c-aa1a-3609e6fbb85b"
  Assets:CurrentAssets:Bank:BocSavingBank -12339.06 HKD
  type: "Bill Payment"
  sourceId: "37fe19b5-0e99-49cb-8832-fd6f0b4b1dbc"
  referenceNo: "1337"
  orderId: "2f1679dd-0743-447c-aa1a-3609e6fbb85b"
2025-04-28 * "Invoice #704 Stock SAP2502 SAP2503"
  Income:Sales:SalesItem:SellGems -1650 HKD
  category: "Gem"
  sku: "SAP2502"
  qty: 1
  referenceNo: "704"
  orderId: "a4a9d350-ab4b-4935-8662-b71e56fddc81"
  type: "Invoice Item"
  sourceId: "4164405b-10ad-4a70-9d20-da653748116b"
  Income:Sales:SalesItem:SellGems -1650 HKD
  category: "Gem"
  sku: "SAP2503"
  qty: 1
  referenceNo: "704"
  orderId: "a4a9d350-ab4b-4935-8662-b71e56fddc81"
  type: "Invoice Item"
  sourceId: "495b9ff7-8aa5-40bb-b499-14118b2afe11"
  Income:Sales:SalesItem:SellGems -600 HKD
  category: "Gem"
  sku: "SAP2413"
  qty: 1
  referenceNo: "704"
  orderId: "a4a9d350-ab4b-4935-8662-b71e56fddc81"
  type: "Invoice Item"
  sourceId: "ad91f6a5-7951-4dfd-bb8f-a2ed70a13dd6"
  Income:Sales:SalesItem:Sell18kJewelry -2600 HKD
  category: "Jewelry"
  sku: "DD2025042500000001"
  qty: 1
  referenceNo: "704"
  orderId: "a4a9d350-ab4b-4935-8662-b71e56fddc81"
  type: "Invoice Item"
  sourceId: "b14dcdbe-db93-4459-8470-793965e765c4"
  Assets:CurrentAssets:AccountReceivable
  referenceNo: "704"
  orderId: "a4a9d350-ab4b-4935-8662-b71e56fddc81"
  type: "Invoice"
  sourceId: "a4a9d350-ab4b-4935-8662-b71e56fddc81"
  contact: "852 69922259 () [e9072a49-7cd2-4e3b-839d-1db94e1bd61d]"
2025-04-28 * "Invoice #704 Shirley"
  Income:Sales:SalesItem:Sell18kJewelry -2900 HKD
  category: "Jewelry"
  sku: "DD2024123100000015"
  qty: 1
  referenceNo: "704"
  orderId: "0095f292-e00c-4c8b-a311-f58010ab5fe6"
  type: "Invoice Item"
  sourceId: "c961d78e-abd7-4258-8948-a38ca846c0a9"
  Income:Sales:SalesItem:Sell18kJewelry -2000 HKD
  category: "Jewelry"
  sku: "DD2025042800000006"
  qty: 1
  referenceNo: "704"
  orderId: "0095f292-e00c-4c8b-a311-f58010ab5fe6"
  type: "Invoice Item"
  sourceId: "35707ed5-9ad9-4dde-9e6b-7e97d822e5b1"
  Assets:CurrentAssets:AccountReceivable
  referenceNo: "704"
  orderId: "0095f292-e00c-4c8b-a311-f58010ab5fe6"
  type: "Invoice"
  sourceId: "0095f292-e00c-4c8b-a311-f58010ab5fe6"
  contact: "998 12345708 (David Kwan(Director)) [02ab8da0-959b-440e-9733-c02eab1b0288]"
2025-04-28 * "Bill #1320 E2502"
  referenceNo: "1320"
  orderId: "6514067d-42b4-4177-a29a-af490e968b61"
  type: "Bill"
  Expenses:CostOfSales:Purchase:PurchaseItem:Buy18kJewelry 1694 HKD
  category: "Jewelry"
  sku: "DD2025042800000009"
  qty: 1
  referenceNo: "1320"
  orderId: "6514067d-42b4-4177-a29a-af490e968b61"
  type: "Bill Item"
  sourceId: "b0d653e9-6ed0-4515-a131-d03ff211a8c2"
  Liabilities:CurrentLiabilities:AccountPayable
  referenceNo: "1320"
  orderId: "6514067d-42b4-4177-a29a-af490e968b61"
  type: "Bill"
  sourceId: "6514067d-42b4-4177-a29a-af490e968b61"
  contact: "86 13502891558 () [0855f826-2f3a-4788-bfb1-5f09653c1ad0]"
2025-04-28 * "Bill #1319 ERIC~補貨/客訂"
  referenceNo: "1319"
  orderId: "7ecab6bc-ee95-4601-8acd-a8931bdb9ad7"
  type: "Bill"
  Expenses:CostOfSales:Purchase:PurchaseItem:Buy18kJewelry 1994 CNY
  category: "Jewelry"
  sku: "DD2025042800000004"
  qty: 1
  referenceNo: "1319"
  orderId: "7ecab6bc-ee95-4601-8acd-a8931bdb9ad7"
  type: "Bill Item"
  sourceId: "00e46373-9d28-4cd0-9eac-888cdafbdbac"
  Expenses:CostOfSales:Purchase:PurchaseItem:Buy18kJewelry 1804 CNY
  category: "Jewelry"
  sku: "DD2025042800000006"
  qty: 1
  referenceNo: "1319"
  orderId: "7ecab6bc-ee95-4601-8acd-a8931bdb9ad7"
  type: "Bill Item"
  sourceId: "063e98a4-f054-41a3-a7a7-3d6e0cac15b4"
  Expenses:CostOfSales:Purchase:PurchaseItem:Buy18kJewelry 1994 CNY
  category: "Jewelry"
  sku: "DD2025042800000003"
  qty: 1
  referenceNo: "1319"
  orderId: "7ecab6bc-ee95-4601-8acd-a8931bdb9ad7"
  type: "Bill Item"
  sourceId: "c0e66b77-e44c-4add-b6a2-8976bd577831"
  Expenses:CostOfSales:Purchase:PurchaseItem:Buy18kJewelry 1994 CNY
  category: "Jewelry"
  sku: "DD2025042800000001"
  qty: 1
  referenceNo: "1319"
  orderId: "7ecab6bc-ee95-4601-8acd-a8931bdb9ad7"
  type: "Bill Item"
  sourceId: "6c5c5d59-4973-4ac3-8196-6b4e903e2b5a"
  Expenses:CostOfSales:Purchase:PurchaseItem:Buy18kJewelry 2422 CNY
  category: "Jewelry"
  sku: "DD2025042800000008"
  qty: 1
  referenceNo: "1319"
  orderId: "7ecab6bc-ee95-4601-8acd-a8931bdb9ad7"
  type: "Bill Item"
  sourceId: "11c489b5-b963-4e11-9176-79263b598757"
  Expenses:CostOfSales:Purchase:PurchaseItem:Buy18kJewelry 2422 CNY
  category: "Jewelry"
  sku: "DD2025042800000007"
  qty: 1
  referenceNo: "1319"
  orderId: "7ecab6bc-ee95-4601-8acd-a8931bdb9ad7"
  type: "Bill Item"
  sourceId: "ad48aa2f-4a40-4c71-a080-12681eeaa283"
  Liabilities:CurrentLiabilities:AccountPayable
  referenceNo: "1319"
  orderId: "7ecab6bc-ee95-4601-8acd-a8931bdb9ad7"
  type: "Bill"
  sourceId: "7ecab6bc-ee95-4601-8acd-a8931bdb9ad7"
  contact: "86 97978678 (ERIC) [cb2cbf18-d8c3-40eb-a388-d7234ea70615]"
2025-04-28 * "Bill #1318 ERIC~補貨/客訂"
  referenceNo: "1318"
  orderId: "e141c719-878e-4f1e-ac8f-42d928dd5746"
  type: "Bill"
  Expenses:CostOfSales:Purchase:PurchaseItem:Buy18kJewelry 1994 CNY
  category: "Jewelry"
  sku: "DD2025042800000002"
  qty: 1
  referenceNo: "1318"
  orderId: "e141c719-878e-4f1e-ac8f-42d928dd5746"
  type: "Bill Item"
  sourceId: "b6023c28-c108-4cd1-a224-a11496af918c"
  Expenses:CostOfSales:Purchase:PurchaseItem:Buy18kJewelry 2294 CNY
  category: "Jewelry"
  sku: "DD2025042800000005"
  qty: 1
  referenceNo: "1318"
  orderId: "e141c719-878e-4f1e-ac8f-42d928dd5746"
  type: "Bill Item"
  sourceId: "a9e90388-88c1-4e2b-8d1d-7d9a1de9c221"
  Liabilities:CurrentLiabilities:AccountPayable
  referenceNo: "1318"
  orderId: "e141c719-878e-4f1e-ac8f-42d928dd5746"
  type: "Bill"
  sourceId: "e141c719-878e-4f1e-ac8f-42d928dd5746"
  contact: "86 97978678 (ERIC) [cb2cbf18-d8c3-40eb-a388-d7234ea70615]"
2025-04-28 * "Assets:CurrentAssets:Bank:KpayBank" "Invoice Payment for Invoice #704 #a7575e56-bc21-4b85-b50e-f9589d7494b7"
  Assets:CurrentAssets:Bank:KpayBank 6500 HKD
  type: "Invoice Payment"
  sourceId: "a7575e56-bc21-4b85-b50e-f9589d7494b7"
  referenceNo: "704"
  orderId: "a4a9d350-ab4b-4935-8662-b71e56fddc81"
  Assets:CurrentAssets:AccountReceivable -6500 HKD
  type: "Invoice Payment"
  sourceId: "a7575e56-bc21-4b85-b50e-f9589d7494b7"
  referenceNo: "704"
  orderId: "a4a9d350-ab4b-4935-8662-b71e56fddc81"
  contact: "852 69922259 () [e9072a49-7cd2-4e3b-839d-1db94e1bd61d]"
2025-04-28 * "86 13502891558 () [0855f826-2f3a-4788-bfb1-5f09653c1ad0]" "Bill Payment for Bill #1317 #cb15c130-d996-4b3f-a50d-0d91752dbb00"
  contact: "86 13502891558 () [0855f826-2f3a-4788-bfb1-5f09653c1ad0]"
  Liabilities:CurrentLiabilities:AccountPayable 5000 HKD
  type: "Bill Payment"
  sourceId: "cb15c130-d996-4b3f-a50d-0d91752dbb00"
  referenceNo: "1317"
  orderId: "6c750303-0e25-49b2-9c70-57144e190076"
  Assets:CurrentAssets:Cash:CashInHand -5000 HKD
  type: "Bill Payment"
  sourceId: "cb15c130-d996-4b3f-a50d-0d91752dbb00"
  referenceNo: "1317"
  orderId: "6c750303-0e25-49b2-9c70-57144e190076"
2025-04-29 * "Bill #1340 美泰樂 3月2025 Statement"
  referenceNo: "1340"
  orderId: "320c6752-1d70-4d1f-a4c3-4c8b4dbc0a6b"
  type: "Bill"
  Expenses:OtherExpenses:RefiningExpense金 20.95 USD
  qty: "1"
  description: "美泰樂 3月2025 Statement"
  referenceNo: "1340"
  orderId: "320c6752-1d70-4d1f-a4c3-4c8b4dbc0a6b"
  type: "Bill Item"
  sourceId: "b6a4b5c4-e49c-47ca-a106-2a6343886615"
  Liabilities:CurrentLiabilities:AccountPayable
  referenceNo: "1340"
  orderId: "320c6752-1d70-4d1f-a4c3-4c8b4dbc0a6b"
  type: "Bill"
  sourceId: "320c6752-1d70-4d1f-a4c3-4c8b4dbc0a6b"
  contact: "852 25214131 (Metalor Precious Metals Hong Kong Limited) [15ad8699-ee98-44fa-a02a-90521ca3ff05]"
2025-04-29 * "Bill #1338 SALARY 25年4月"
  referenceNo: "1338"
  orderId: "01606ed2-7e8f-4d4a-90a2-ed3599611509"
  type: "Bill"
  Expenses:GeneralExpense:WagesAndSalaries 71250 HKD
  qty: "1"
  description: "SALARY 25年4月"
  referenceNo: "1338"
  orderId: "01606ed2-7e8f-4d4a-90a2-ed3599611509"
  type: "Bill Item"
  sourceId: "325ff003-429f-43f3-906c-cb98267414a0"
  Expenses:GeneralExpense:BankFeesExpense 2.1 HKD
  qty: "1"
  description: "BANK FEE "
  referenceNo: "1338"
  orderId: "01606ed2-7e8f-4d4a-90a2-ed3599611509"
  type: "Bill Item"
  sourceId: "d5e1d907-37f6-461f-bcda-b3f141642b23"
  Liabilities:CurrentLiabilities:AccountPayable
  referenceNo: "1338"
  orderId: "01606ed2-7e8f-4d4a-90a2-ed3599611509"
  type: "Bill"
  sourceId: "01606ed2-7e8f-4d4a-90a2-ed3599611509"
  contact: "880 806 () [53b8789a-4451-4a1f-84f7-a9c5da7ada1a]"
2025-04-29 * "Bill #1372 G17上網(2025-04月) "
  referenceNo: "1372"
  orderId: "d96d7e2c-2a65-453c-81cf-11a5ec1109ab"
  type: "Bill"
  Expenses:GeneralExpense:TelephoneAndInternetAndAlarm 358 HKD
  qty: "1"
  description: "G17上網(2025-04月) "
  referenceNo: "1372"
  orderId: "d96d7e2c-2a65-453c-81cf-11a5ec1109ab"
  type: "Bill Item"
  sourceId: "d766ad3d-bc95-4f8f-b7c3-36a6fc0008d7"
  Liabilities:CurrentLiabilities:AccountPayable
  referenceNo: "1372"
  orderId: "d96d7e2c-2a65-453c-81cf-11a5ec1109ab"
  type: "Bill"
  sourceId: "d96d7e2c-2a65-453c-81cf-11a5ec1109ab"
  contact: "880 806 () [53b8789a-4451-4a1f-84f7-a9c5da7ada1a]"
2025-04-29 * "880 806 () [53b8789a-4451-4a1f-84f7-a9c5da7ada1a]" "Bill Payment for Bill #1338 #bd343777-5f44-4b15-aaf4-d8b43d95b5aa"
  contact: "880 806 () [53b8789a-4451-4a1f-84f7-a9c5da7ada1a]"
  Liabilities:CurrentLiabilities:AccountPayable 71250 HKD
  type: "Bill Payment"
  sourceId: "bd343777-5f44-4b15-aaf4-d8b43d95b5aa"
  referenceNo: "1338"
  orderId: "01606ed2-7e8f-4d4a-90a2-ed3599611509"
  Assets:CurrentAssets:Bank:BocSavingBank -71250 HKD
  type: "Bill Payment"
  sourceId: "bd343777-5f44-4b15-aaf4-d8b43d95b5aa"
  referenceNo: "1338"
  orderId: "01606ed2-7e8f-4d4a-90a2-ed3599611509"
2025-04-29 * "880 806 () [53b8789a-4451-4a1f-84f7-a9c5da7ada1a]" "Bill Payment for Bill #1372 #af08f36e-4516-41b3-b834-ddc091b73360"
  contact: "880 806 () [53b8789a-4451-4a1f-84f7-a9c5da7ada1a]"
  Liabilities:CurrentLiabilities:AccountPayable 358 HKD
  type: "Bill Payment"
  sourceId: "af08f36e-4516-41b3-b834-ddc091b73360"
  referenceNo: "1372"
  orderId: "d96d7e2c-2a65-453c-81cf-11a5ec1109ab"
  Assets:CurrentAssets:Cash:CashInHand -358 HKD
  type: "Bill Payment"
  sourceId: "af08f36e-4516-41b3-b834-ddc091b73360"
  referenceNo: "1372"
  orderId: "d96d7e2c-2a65-453c-81cf-11a5ec1109ab"
2025-04-29 * "880 806 () [53b8789a-4451-4a1f-84f7-a9c5da7ada1a]" "Bill Payment for Bill #1338 #69046f90-f681-45fe-bf53-aabfdd67619a"
  contact: "880 806 () [53b8789a-4451-4a1f-84f7-a9c5da7ada1a]"
  Liabilities:CurrentLiabilities:AccountPayable 2.1 HKD
  type: "Bill Payment"
  sourceId: "69046f90-f681-45fe-bf53-aabfdd67619a"
  referenceNo: "1338"
  orderId: "01606ed2-7e8f-4d4a-90a2-ed3599611509"
  Assets:CurrentAssets:Bank:BocSavingBank -2.1 HKD
  type: "Bill Payment"
  sourceId: "69046f90-f681-45fe-bf53-aabfdd67619a"
  referenceNo: "1338"
  orderId: "01606ed2-7e8f-4d4a-90a2-ed3599611509"
2025-04-29 * "852 25214131 (Metalor Precious Metals Hong Kong Limited) [15ad8699-ee98-44fa-a02a-90521ca3ff05]" "Bill Payment for Bill #1340 #2a900a73-bbed-4a6d-9b11-359cf0195fde"
  contact: "852 25214131 (Metalor Precious Metals Hong Kong Limited) [15ad8699-ee98-44fa-a02a-90521ca3ff05]"
  Liabilities:CurrentLiabilities:AccountPayable 20.95 USD
  type: "Bill Payment"
  sourceId: "2a900a73-bbed-4a6d-9b11-359cf0195fde"
  referenceNo: "1340"
  orderId: "320c6752-1d70-4d1f-a4c3-4c8b4dbc0a6b"
  Assets:CurrentAssets:Bank:BocCurrentBank -20.95 USD
  type: "Bill Payment"
  sourceId: "2a900a73-bbed-4a6d-9b11-359cf0195fde"
  referenceNo: "1340"
  orderId: "320c6752-1d70-4d1f-a4c3-4c8b4dbc0a6b"
2025-04-29 * "Assets:CurrentAssets:Bank:KpayBank" "Invoice Payment for Invoice #692 #213e131e-3f0e-44e6-9b3a-e2f7c87a13dd"
  Assets:CurrentAssets:Bank:KpayBank 1450 HKD
  type: "Invoice Payment"
  sourceId: "213e131e-3f0e-44e6-9b3a-e2f7c87a13dd"
  referenceNo: "692"
  orderId: "cf2969b6-7f8e-4182-85b3-56854a92477e"
  Assets:CurrentAssets:AccountReceivable -1450 HKD
  type: "Invoice Payment"
  sourceId: "213e131e-3f0e-44e6-9b3a-e2f7c87a13dd"
  referenceNo: "692"
  orderId: "cf2969b6-7f8e-4182-85b3-56854a92477e"
  contact: "852 98766525 () [268bda41-8649-44c0-9c89-4f060b3fccfb]"
2025-04-29 * "86 97978678 (ERIC) [cb2cbf18-d8c3-40eb-a388-d7234ea70615]" "Bill Payment for Bill #1318 #4794216b-879b-4592-85d5-73d773180d66"
  contact: "86 97978678 (ERIC) [cb2cbf18-d8c3-40eb-a388-d7234ea70615]"
  Liabilities:CurrentLiabilities:AccountPayable 4288 CNY
  type: "Bill Payment"
  sourceId: "4794216b-879b-4592-85d5-73d773180d66"
  referenceNo: "1318"
  orderId: "e141c719-878e-4f1e-ac8f-42d928dd5746"
  Assets:CurrentAssets:TradeDeposit:TradeDeposit-Eric -4288 CNY
  type: "Bill Payment"
  sourceId: "4794216b-879b-4592-85d5-73d773180d66"
  referenceNo: "1318"
  orderId: "e141c719-878e-4f1e-ac8f-42d928dd5746"
2025-04-29 * "86 97978678 (ERIC) [cb2cbf18-d8c3-40eb-a388-d7234ea70615]" "Bill Payment for Bill #1319 #555075a6-4be7-4104-af72-f18f9a38329a"
  contact: "86 97978678 (ERIC) [cb2cbf18-d8c3-40eb-a388-d7234ea70615]"
  Liabilities:CurrentLiabilities:AccountPayable 12630 CNY
  type: "Bill Payment"
  sourceId: "555075a6-4be7-4104-af72-f18f9a38329a"
  referenceNo: "1319"
  orderId: "7ecab6bc-ee95-4601-8acd-a8931bdb9ad7"
  Assets:CurrentAssets:TradeDeposit:TradeDeposit-Eric -12630 CNY
  type: "Bill Payment"
  sourceId: "555075a6-4be7-4104-af72-f18f9a38329a"
  referenceNo: "1319"
  orderId: "7ecab6bc-ee95-4601-8acd-a8931bdb9ad7"
2025-04-29 * "86 13502891558 () [0855f826-2f3a-4788-bfb1-5f09653c1ad0]" "Bill Payment for Bill #1320 #d2864dbd-9e35-46cf-9425-b214d8c30c8b"
  contact: "86 13502891558 () [0855f826-2f3a-4788-bfb1-5f09653c1ad0]"
  Liabilities:CurrentLiabilities:AccountPayable 1694 HKD
  type: "Bill Payment"
  sourceId: "d2864dbd-9e35-46cf-9425-b214d8c30c8b"
  referenceNo: "1320"
  orderId: "6514067d-42b4-4177-a29a-af490e968b61"
  Assets:CurrentAssets:Cash:CashInHand -1694 HKD
  type: "Bill Payment"
  sourceId: "d2864dbd-9e35-46cf-9425-b214d8c30c8b"
  referenceNo: "1320"
  orderId: "6514067d-42b4-4177-a29a-af490e968b61"