; ORDER transactions for 2025-02

2025-02-06 * "Bill #1279 Heraeus Limited 01/25"
  referenceNo: "1279"
  orderId: "e3ae1c1b-7e96-48ed-a97a-c5bd31dc015a"
  type: "Bill"
  Expenses:OtherExpenses:RefiningExpense金 12741.49 HKD
  qty: "1"
  description: "Heraeus Limited 01/25 -USD 1631.14"
  referenceNo: "1279"
  orderId: "e3ae1c1b-7e96-48ed-a97a-c5bd31dc015a"
  type: "Bill Item"
  sourceId: "4f48a086-221b-4b28-a9ba-407754db47f7"
  Liabilities:CurrentLiabilities:AccountPayable
  referenceNo: "1279"
  orderId: "e3ae1c1b-7e96-48ed-a97a-c5bd31dc015a"
  type: "Bill"
  sourceId: "e3ae1c1b-7e96-48ed-a97a-c5bd31dc015a"
  contact: "852 26751252 (HeraeusLimited) [605e3379-1294-4d1d-a028-3db7842f140b]"
2025-02-06 * "852 26751252 (HeraeusLimited) [605e3379-1294-4d1d-a028-3db7842f140b]" "Bill Payment for Bill #1279 #906ced3d-af07-42eb-a167-2b9e367ad446"
  Liabilities:CurrentLiabilities:AccountPayable 12741.49 HKD
  contact: "852 26751252 (HeraeusLimited) [605e3379-1294-4d1d-a028-3db7842f140b]"
  type: "Bill Payment"
  sourceId: "906ced3d-af07-42eb-a167-2b9e367ad446"
  referenceNo: "1279"
  orderId: "e3ae1c1b-7e96-48ed-a97a-c5bd31dc015a"
  Assets:CurrentAssets:Bank:BocSavingBank -12741.49 HKD
  type: "Bill Payment"
  sourceId: "906ced3d-af07-42eb-a167-2b9e367ad446"
  referenceNo: "1279"
  orderId: "e3ae1c1b-7e96-48ed-a97a-c5bd31dc015a"
2025-02-11 * "Invoice #641 Annie MIiss.Tse R24131 18K金彩虹漸變藍寶石戒指#16 "
  Income:Sales:SalesItem:Sell18kJewelry -2500.00 HKD
  category: "Jewelry"
  sku: "DD2024120500000004"
  qty: 1
  referenceNo: "641"
  orderId: "20888023-6504-476c-8d87-a0771e567293"
  type: "Invoice Item"
  sourceId: "d8bf1db2-b0c0-428e-bf16-cdac009f14a5"
  Assets:CurrentAssets:AccountReceivable
  referenceNo: "641"
  orderId: "20888023-6504-476c-8d87-a0771e567293"
  type: "Invoice"
  sourceId: "20888023-6504-476c-8d87-a0771e567293"
  contact: "852 67715080 (NoName) [57b1592c-a093-468a-b369-442077500b00]"
2025-02-11 * "Assets:CurrentAssets:Bank:BocSavingBank" "Invoice Payment for Invoice #575 #09580fd0-6b5a-40a7-a4af-3b59e6760547"
  Assets:CurrentAssets:Bank:BocSavingBank 3000.00 HKD
  type: "Invoice Payment"
  sourceId: "09580fd0-6b5a-40a7-a4af-3b59e6760547"
  referenceNo: "575"
  orderId: "1af26307-5297-42fe-aed5-30bc6533d3ec"
  Assets:CurrentAssets:AccountReceivable -3000.00 HKD
  type: "Invoice Payment"
  sourceId: "09580fd0-6b5a-40a7-a4af-3b59e6760547"
  referenceNo: "575"
  orderId: "1af26307-5297-42fe-aed5-30bc6533d3ec"
  contact: "852 66716608 (NoName) [d94a74a4-6962-4476-b3bb-8859ef65f714]"
2025-02-11 * "998 12345775 (VED-VENIDIAMLTD) [af11cd82-725d-4855-83d7-d2ed50d9fa56]" "Bill Payment for Bill #1233 #f02f9b55-45b2-4aed-80d2-0ad74d8d59ed"
  Liabilities:CurrentLiabilities:AccountPayable 76590.92 HKD
  contact: "998 12345775 (VED-VENIDIAMLTD) [af11cd82-725d-4855-83d7-d2ed50d9fa56]"
  type: "Bill Payment"
  sourceId: "f02f9b55-45b2-4aed-80d2-0ad74d8d59ed"
  referenceNo: "1233"
  orderId: "74f5bacc-d850-4f0d-946e-c18487838c23"
  Assets:CurrentAssets:Bank:BocSavingBank -76590.92 HKD
  type: "Bill Payment"
  sourceId: "f02f9b55-45b2-4aed-80d2-0ad74d8d59ed"
  referenceNo: "1233"
  orderId: "74f5bacc-d850-4f0d-946e-c18487838c23"
2025-02-11 * "998 12345775 (VED-VENIDIAMLTD) [af11cd82-725d-4855-83d7-d2ed50d9fa56]" "Bill Payment for Bill #1233 #54c3b06a-f975-4d7e-bd94-9ddf40599e6a"
  Liabilities:CurrentLiabilities:AccountPayable 55.00 HKD
  contact: "998 12345775 (VED-VENIDIAMLTD) [af11cd82-725d-4855-83d7-d2ed50d9fa56]"
  type: "Bill Payment"
  sourceId: "54c3b06a-f975-4d7e-bd94-9ddf40599e6a"
  referenceNo: "1233"
  orderId: "74f5bacc-d850-4f0d-946e-c18487838c23"
  Assets:CurrentAssets:Bank:BocSavingBank -55.00 HKD
  type: "Bill Payment"
  sourceId: "54c3b06a-f975-4d7e-bd94-9ddf40599e6a"
  referenceNo: "1233"
  orderId: "74f5bacc-d850-4f0d-946e-c18487838c23"
2025-02-11 * "Assets:CurrentAssets:Bank:KpayBank" "Invoice Payment for Invoice #641 #6309c1a0-41b5-4768-9445-8e90383cbae0"
  Assets:CurrentAssets:Bank:KpayBank 2500.00 HKD
  type: "Invoice Payment"
  sourceId: "6309c1a0-41b5-4768-9445-8e90383cbae0"
  referenceNo: "641"
  orderId: "20888023-6504-476c-8d87-a0771e567293"
  Assets:CurrentAssets:AccountReceivable -2500.00 HKD
  type: "Invoice Payment"
  sourceId: "6309c1a0-41b5-4768-9445-8e90383cbae0"
  referenceNo: "641"
  orderId: "20888023-6504-476c-8d87-a0771e567293"
  contact: "852 67715080 (NoName) [57b1592c-a093-468a-b369-442077500b00]"
2025-02-11 * "Invoice #642 Stock R24150 #11"
  Income:Sales:SalesItem:Sell18kJewelry -1700.00 HKD
  category: "Jewelry"
  sku: "DD2024122700000010"
  qty: 1
  referenceNo: "642"
  orderId: "d873f47a-10fe-410c-8cf5-e1257885081c"
  type: "Invoice Item"
  sourceId: "72fe0dde-d168-46fa-9e27-756f1add2a86"
  Assets:CurrentAssets:AccountReceivable
  referenceNo: "642"
  orderId: "d873f47a-10fe-410c-8cf5-e1257885081c"
  type: "Invoice"
  sourceId: "d873f47a-10fe-410c-8cf5-e1257885081c"
  contact: "852 55477540 () [98e8bf59-be75-49ea-badd-3e3cbf000efe]"
2025-02-11 * "Bill #1233 #2417042401 2.01Ct I SI1 Excellent Excellent Excellent Faint"
  referenceNo: "1233"
  orderId: "74f5bacc-d850-4f0d-946e-c18487838c23"
  type: "Bill"
  Expenses:GeneralExpense:BankFeesExpense 55.00 HKD
  qty: "1"
  description: "BANK FEE "
  referenceNo: "1233"
  orderId: "74f5bacc-d850-4f0d-946e-c18487838c23"
  type: "Bill Item"
  sourceId: "3350d87e-a4ea-4626-bd9d-00215d5afd46"
  Expenses:CostOfSales:Purchase:PurchaseItem:BuyDiamond 76590.92 HKD
  category: "Natural Diamond"
  sku: "DIA2501"
  qty: 1
  referenceNo: "1233"
  orderId: "74f5bacc-d850-4f0d-946e-c18487838c23"
  type: "Bill Item"
  sourceId: "2adbfc17-454c-4129-85bb-98207691fdab"
  Liabilities:CurrentLiabilities:AccountPayable
  referenceNo: "1233"
  orderId: "74f5bacc-d850-4f0d-946e-c18487838c23"
  type: "Bill"
  sourceId: "74f5bacc-d850-4f0d-946e-c18487838c23"
  contact: "998 12345775 (VED-VENIDIAMLTD) [af11cd82-725d-4855-83d7-d2ed50d9fa56]"
2025-02-11 * "Assets:CurrentAssets:Bank:BocSavingBank" "Invoice Payment for Invoice #642 #5d4d997d-37ef-4b71-9bcf-b5f9ff5d7212"
  Assets:CurrentAssets:Bank:BocSavingBank 1700.00 HKD
  type: "Invoice Payment"
  sourceId: "5d4d997d-37ef-4b71-9bcf-b5f9ff5d7212"
  referenceNo: "642"
  orderId: "d873f47a-10fe-410c-8cf5-e1257885081c"
  Assets:CurrentAssets:AccountReceivable -1700.00 HKD
  type: "Invoice Payment"
  sourceId: "5d4d997d-37ef-4b71-9bcf-b5f9ff5d7212"
  referenceNo: "642"
  orderId: "d873f47a-10fe-410c-8cf5-e1257885081c"
  contact: "852 55477540 () [98e8bf59-be75-49ea-badd-3e3cbf000efe]"
2025-02-11 * "Invoice #643 Order R24131 #16 "
  Income:Sales:SalesItem:Sell18kJewelry -2500.00 HKD
  category: "Jewelry"
  sku: "DD2025022100000003"
  qty: 1
  referenceNo: "643"
  orderId: "860bab56-0658-4912-9d7e-d76f69970dd5"
  type: "Invoice Item"
  sourceId: "15d6bef7-9b3c-46f1-8480-0ba5ef58fc26"
  Assets:CurrentAssets:AccountReceivable
  referenceNo: "643"
  orderId: "860bab56-0658-4912-9d7e-d76f69970dd5"
  type: "Invoice"
  sourceId: "860bab56-0658-4912-9d7e-d76f69970dd5"
  contact: "852 97822767 (NoName) [0fd325c7-7268-416b-a7c7-44a0ab5ac090]"
2025-02-11 * "Assets:CurrentAssets:Bank:BocSavingBank" "Invoice Payment for Invoice #643 #f9ba087b-2417-46c9-b14c-df1f306b3c77"
  Assets:CurrentAssets:Bank:BocSavingBank 1250.00 HKD
  type: "Invoice Payment"
  sourceId: "f9ba087b-2417-46c9-b14c-df1f306b3c77"
  referenceNo: "643"
  orderId: "860bab56-0658-4912-9d7e-d76f69970dd5"
  Assets:CurrentAssets:AccountReceivable -1250.00 HKD
  type: "Invoice Payment"
  sourceId: "f9ba087b-2417-46c9-b14c-df1f306b3c77"
  referenceNo: "643"
  orderId: "860bab56-0658-4912-9d7e-d76f69970dd5"
  contact: "852 97822767 (NoName) [0fd325c7-7268-416b-a7c7-44a0ab5ac090]"
2025-02-12 * "Invoice #660 Order R24131 #17 換 #15"
  Income:Sales:SalesItem:Sell18kJewelry -2500.00 HKD
  category: "Jewelry"
  sku: "DD2024031800000003"
  qty: 1
  referenceNo: "660"
  orderId: "e836c89f-68ac-4fe1-8e36-cecf94b906dc"
  type: "Invoice Item"
  sourceId: "8602fa43-1158-4e53-b5b5-c3c8e90c8adf"
  Assets:CurrentAssets:AccountReceivable
  referenceNo: "660"
  orderId: "e836c89f-68ac-4fe1-8e36-cecf94b906dc"
  type: "Invoice"
  sourceId: "e836c89f-68ac-4fe1-8e36-cecf94b906dc"
  contact: "852 63380032 (NoName) [bf48b39d-8d21-417e-8fa7-d76432e0a124]"
2025-02-12 * "Assets:CurrentAssets:Bank:KpayBank" "Invoice Payment for Invoice #660 #4050a201-d08f-4b81-abd1-959ae100cda3"
  Assets:CurrentAssets:Bank:KpayBank 1250.00 HKD
  type: "Invoice Payment"
  sourceId: "4050a201-d08f-4b81-abd1-959ae100cda3"
  referenceNo: "660"
  orderId: "e836c89f-68ac-4fe1-8e36-cecf94b906dc"
  Assets:CurrentAssets:AccountReceivable -1250.00 HKD
  type: "Invoice Payment"
  sourceId: "4050a201-d08f-4b81-abd1-959ae100cda3"
  referenceNo: "660"
  orderId: "e836c89f-68ac-4fe1-8e36-cecf94b906dc"
  contact: "852 63380032 (NoName) [bf48b39d-8d21-417e-8fa7-d76432e0a124]"
2025-02-13 * "Invoice #660 Gold Jewellery G17 to 417 "
  Income:Sales:SalesItem:SellGoldJewelry -0.00 HKD
  category: "Gold Jewelry"
  sku: "DD2024112400000007"
  qty: 1
  referenceNo: "660"
  orderId: "29e58e18-7c3f-4929-b7a2-8d251fc82631"
  type: "Invoice Item"
  sourceId: "eeb45c8b-7892-402d-b0fa-bdc6b3dacd1f"
  Income:Sales:SalesItem:SellGoldJewelry -0.00 HKD
  category: "Gold Jewelry"
  sku: "DD2024112400000004"
  qty: 1
  referenceNo: "660"
  orderId: "29e58e18-7c3f-4929-b7a2-8d251fc82631"
  type: "Invoice Item"
  sourceId: "11cc86ff-f4be-4643-ae4c-04688a0fea86"
  Income:Sales:SalesItem:SellGoldJewelry -0.00 HKD
  category: "Gold Jewelry"
  sku: "DD2024112400000005"
  qty: 1
  referenceNo: "660"
  orderId: "29e58e18-7c3f-4929-b7a2-8d251fc82631"
  type: "Invoice Item"
  sourceId: "58478e13-8af6-40d7-9e78-77e6b13f468f"
  Income:Sales:SalesItem:SellGoldJewelry -0.00 HKD
  category: "Gold Jewelry"
  sku: "DD2024112400000013"
  qty: 1
  referenceNo: "660"
  orderId: "29e58e18-7c3f-4929-b7a2-8d251fc82631"
  type: "Invoice Item"
  sourceId: "cf0bcd18-b2ac-4dfa-b2fb-df42af0928d3"
  Income:Sales:SalesItem:SellGoldJewelry -0.00 HKD
  category: "Gold Jewelry"
  sku: "DD2024112400000003"
  qty: 1
  referenceNo: "660"
  orderId: "29e58e18-7c3f-4929-b7a2-8d251fc82631"
  type: "Invoice Item"
  sourceId: "5bbff48a-3c15-4c54-92f2-4b699197f4e5"
  Income:Sales:SalesItem:SellGoldJewelry -0.00 HKD
  category: "Gold Jewelry"
  sku: "DD2024112400000001"
  qty: 1
  referenceNo: "660"
  orderId: "29e58e18-7c3f-4929-b7a2-8d251fc82631"
  type: "Invoice Item"
  sourceId: "6c65f2bc-4e09-42f3-8303-adf209474535"
  Income:Sales:SalesItem:SellGoldJewelry -0.00 HKD
  category: "Gold Jewelry"
  sku: "DD2024112400000010"
  qty: 1
  referenceNo: "660"
  orderId: "29e58e18-7c3f-4929-b7a2-8d251fc82631"
  type: "Invoice Item"
  sourceId: "bd96f132-627b-4b0c-9b63-f4ca33a0d49b"
  Income:Sales:SalesItem:SellGoldJewelry -0.00 HKD
  category: "Gold Jewelry"
  sku: "DD2024112400000015"
  qty: 1
  referenceNo: "660"
  orderId: "29e58e18-7c3f-4929-b7a2-8d251fc82631"
  type: "Invoice Item"
  sourceId: "3e618acc-2a6d-4865-9713-2a5a47865a4d"
  Income:Sales:SalesItem:SellGoldJewelry -0.00 HKD
  category: "Gold Jewelry"
  sku: "DD2024112400000009"
  qty: 1
  referenceNo: "660"
  orderId: "29e58e18-7c3f-4929-b7a2-8d251fc82631"
  type: "Invoice Item"
  sourceId: "733fdaf0-1925-437f-8bee-0b2517b721f9"
  Income:Sales:SalesItem:SellGoldJewelry -0.00 HKD
  category: "Gold Jewelry"
  sku: "DD2024112400000006"
  qty: 1
  referenceNo: "660"
  orderId: "29e58e18-7c3f-4929-b7a2-8d251fc82631"
  type: "Invoice Item"
  sourceId: "d4586dcb-6088-4969-be24-922da1065e5f"
  Income:Sales:SalesItem:SellGoldJewelry -0.00 HKD
  category: "Gold Jewelry"
  sku: "DD2024112400000014"
  qty: 1
  referenceNo: "660"
  orderId: "29e58e18-7c3f-4929-b7a2-8d251fc82631"
  type: "Invoice Item"
  sourceId: "d907fac6-9262-40f9-8a9b-0abeb6a4b549"
  Income:Sales:SalesItem:SellGoldJewelry -0.00 HKD
  category: "Gold Jewelry"
  sku: "DD2024112400000011"
  qty: 1
  referenceNo: "660"
  orderId: "29e58e18-7c3f-4929-b7a2-8d251fc82631"
  type: "Invoice Item"
  sourceId: "86620a7c-c317-4092-bee2-08bff55960ec"
  Income:Sales:SalesItem:SellGoldJewelry -0.00 HKD
  category: "Gold Jewelry"
  sku: "DD2024112400000002"
  qty: 1
  referenceNo: "660"
  orderId: "29e58e18-7c3f-4929-b7a2-8d251fc82631"
  type: "Invoice Item"
  sourceId: "4b90781c-9046-4375-9138-fb429b80f884"
  Income:Sales:SalesItem:SellGoldJewelry -0.00 HKD
  category: "Gold Jewelry"
  sku: "DD2024112400000012"
  qty: 1
  referenceNo: "660"
  orderId: "29e58e18-7c3f-4929-b7a2-8d251fc82631"
  type: "Invoice Item"
  sourceId: "9a2168f7-3ef1-4980-a064-0eadc3632461"
  Income:Sales:SalesItem:SellGoldJewelry -0.00 HKD
  category: "Gold Jewelry"
  sku: "DD2024112400000008"
  qty: 1
  referenceNo: "660"
  orderId: "29e58e18-7c3f-4929-b7a2-8d251fc82631"
  type: "Invoice Item"
  sourceId: "af1a5dc8-68bf-4006-90b1-d00ab3a92735"
  Assets:CurrentAssets:AccountReceivable
  referenceNo: "660"
  orderId: "29e58e18-7c3f-4929-b7a2-8d251fc82631"
  type: "Invoice"
  sourceId: "29e58e18-7c3f-4929-b7a2-8d251fc82631"
  contact: "998 12345827 (MilrichElectronics(HK)Co.Ltd.) [13d02d21-4a93-4d1f-b3bf-44fe873468a0]"
2025-02-13 * "Invoice #660 Gold Jewellery G17 to 417 "
  Income:Sales:SalesItem:SellGoldJewelry -0.00 HKD
  category: "Gold Jewelry"
  sku: "DD2024112400000019"
  qty: 1
  referenceNo: "660"
  orderId: "08da0175-d4f5-4e3f-bc7b-2bebb03acdc1"
  type: "Invoice Item"
  sourceId: "28c44b6a-b0b4-4c57-b354-901d9ab321d3"
  Income:Sales:SalesItem:SellGoldJewelry -0.00 HKD
  category: "Gold Jewelry"
  sku: "DD2024112400000021"
  qty: 1
  referenceNo: "660"
  orderId: "08da0175-d4f5-4e3f-bc7b-2bebb03acdc1"
  type: "Invoice Item"
  sourceId: "f006cf40-67c1-4d18-a19a-cb88aabb9e7a"
  Income:Sales:SalesItem:SellGoldJewelry -0.00 HKD
  category: "Gold Jewelry"
  sku: "DD2024112400000031"
  qty: 1
  referenceNo: "660"
  orderId: "08da0175-d4f5-4e3f-bc7b-2bebb03acdc1"
  type: "Invoice Item"
  sourceId: "86f6f0c9-9356-426f-9af2-24707692f32d"
  Income:Sales:SalesItem:SellGoldJewelry -0.00 HKD
  category: "Gold Jewelry"
  sku: "DD2024112400000034"
  qty: 1
  referenceNo: "660"
  orderId: "08da0175-d4f5-4e3f-bc7b-2bebb03acdc1"
  type: "Invoice Item"
  sourceId: "ee538deb-7788-4d53-b155-93f49d7bf10b"
  Income:Sales:SalesItem:SellGoldJewelry -0.00 HKD
  category: "Gold Jewelry"
  sku: "DD2024112400000027"
  qty: 1
  referenceNo: "660"
  orderId: "08da0175-d4f5-4e3f-bc7b-2bebb03acdc1"
  type: "Invoice Item"
  sourceId: "919ad3e7-9b6e-4dfb-a5bb-453ae5d7ca68"
  Income:Sales:SalesItem:SellGoldJewelry -0.00 HKD
  category: "Gold Jewelry"
  sku: "DD2024112400000032"
  qty: 1
  referenceNo: "660"
  orderId: "08da0175-d4f5-4e3f-bc7b-2bebb03acdc1"
  type: "Invoice Item"
  sourceId: "73ffc1e2-4195-4249-be09-d18115cb8060"
  Income:Sales:SalesItem:SellGoldJewelry -0.00 HKD
  category: "Gold Jewelry"
  sku: "DD2024112400000026"
  qty: 1
  referenceNo: "660"
  orderId: "08da0175-d4f5-4e3f-bc7b-2bebb03acdc1"
  type: "Invoice Item"
  sourceId: "4f83fdbf-6967-49cd-a74e-41e71cb87305"
  Income:Sales:SalesItem:SellGoldJewelry -0.00 HKD
  category: "Gold Jewelry"
  sku: "DD2024112400000024"
  qty: 1
  referenceNo: "660"
  orderId: "08da0175-d4f5-4e3f-bc7b-2bebb03acdc1"
  type: "Invoice Item"
  sourceId: "255f5713-c1d3-4571-a77e-81ad3a2905be"
  Income:Sales:SalesItem:SellGoldJewelry -0.00 HKD
  category: "Gold Jewelry"
  sku: "DD2024112400000017"
  qty: 1
  referenceNo: "660"
  orderId: "08da0175-d4f5-4e3f-bc7b-2bebb03acdc1"
  type: "Invoice Item"
  sourceId: "0618c0a5-8ee0-4454-9958-8a031b630a88"
  Income:Sales:SalesItem:SellGoldJewelry -0.00 HKD
  category: "Gold Jewelry"
  sku: "DD2024112400000030"
  qty: 1
  referenceNo: "660"
  orderId: "08da0175-d4f5-4e3f-bc7b-2bebb03acdc1"
  type: "Invoice Item"
  sourceId: "f93a962b-15eb-4231-8005-b19d217d427d"
  Income:Sales:SalesItem:SellGoldJewelry -0.00 HKD
  category: "Gold Jewelry"
  sku: "DD2024112400000016"
  qty: 1
  referenceNo: "660"
  orderId: "08da0175-d4f5-4e3f-bc7b-2bebb03acdc1"
  type: "Invoice Item"
  sourceId: "e1db7004-3e59-4e92-8331-7dc3c2557d82"
  Income:Sales:SalesItem:SellGoldJewelry -0.00 HKD
  category: "Gold Jewelry"
  sku: "DD2024112400000029"
  qty: 1
  referenceNo: "660"
  orderId: "08da0175-d4f5-4e3f-bc7b-2bebb03acdc1"
  type: "Invoice Item"
  sourceId: "e0435665-b60f-4b26-829d-909e956f71f3"
  Income:Sales:SalesItem:SellGoldJewelry -0.00 HKD
  category: "Gold Jewelry"
  sku: "DD2024112400000033"
  qty: 1
  referenceNo: "660"
  orderId: "08da0175-d4f5-4e3f-bc7b-2bebb03acdc1"
  type: "Invoice Item"
  sourceId: "f56abfc6-a5c4-4834-9786-bf60fd1dd863"
  Income:Sales:SalesItem:SellGoldJewelry -0.00 HKD
  category: "Gold Jewelry"
  sku: "DD2024112400000018"
  qty: 1
  referenceNo: "660"
  orderId: "08da0175-d4f5-4e3f-bc7b-2bebb03acdc1"
  type: "Invoice Item"
  sourceId: "8ba60bed-e1cd-4cd9-9a6e-91c073a9063d"
  Income:Sales:SalesItem:SellGoldJewelry -0.00 HKD
  category: "Gold Jewelry"
  sku: "DD2024112400000023"
  qty: 1
  referenceNo: "660"
  orderId: "08da0175-d4f5-4e3f-bc7b-2bebb03acdc1"
  type: "Invoice Item"
  sourceId: "05db7f7b-d447-46d5-ac70-0aaa4ffd08d9"
  Income:Sales:SalesItem:SellGoldJewelry -0.00 HKD
  category: "Gold Jewelry"
  sku: "DD2024112400000022"
  qty: 1
  referenceNo: "660"
  orderId: "08da0175-d4f5-4e3f-bc7b-2bebb03acdc1"
  type: "Invoice Item"
  sourceId: "b1d1afbf-bd63-4b97-9a76-dccb4dfeac0f"
  Income:Sales:SalesItem:SellGoldJewelry -0.00 HKD
  category: "Gold Jewelry"
  sku: "DD2024112400000025"
  qty: 1
  referenceNo: "660"
  orderId: "08da0175-d4f5-4e3f-bc7b-2bebb03acdc1"
  type: "Invoice Item"
  sourceId: "032e9d39-1bdf-4a55-9ced-6e06c966d5e2"
  Income:Sales:SalesItem:SellGoldJewelry -0.00 HKD
  category: "Gold Jewelry"
  sku: "DD2024112400000028"
  qty: 1
  referenceNo: "660"
  orderId: "08da0175-d4f5-4e3f-bc7b-2bebb03acdc1"
  type: "Invoice Item"
  sourceId: "3f617946-ff73-4095-ab20-aa0b6c04b284"
  Assets:CurrentAssets:AccountReceivable
  referenceNo: "660"
  orderId: "08da0175-d4f5-4e3f-bc7b-2bebb03acdc1"
  type: "Invoice"
  sourceId: "08da0175-d4f5-4e3f-bc7b-2bebb03acdc1"
  contact: "998 12345827 (MilrichElectronics(HK)Co.Ltd.) [13d02d21-4a93-4d1f-b3bf-44fe873468a0]"
2025-02-14 * "Invoice #660 Stock BD002M/BD002F"
  Income:Sales:SalesItem:Sell18kJewelry -5000.00 HKD
  category: "Jewelry"
  sku: "DDFFFFFF0100000000000001"
  qty: 1
  referenceNo: "660"
  orderId: "72cb65ea-3b03-44dd-961a-9d7028e51c9f"
  type: "Invoice Item"
  sourceId: "9f0d0eaa-8052-4318-9e0a-58a19cb57ff0"
  Income:Sales:SalesItem:Sell18kJewelry -0.00 HKD
  category: "Jewelry"
  sku: "DD2025010800000004"
  qty: 1
  referenceNo: "660"
  orderId: "72cb65ea-3b03-44dd-961a-9d7028e51c9f"
  type: "Invoice Item"
  sourceId: "83cdb37d-8929-4faf-ba5f-2062ab726490"
  Income:Sales:SalesItem:Sell18kJewelry -4000.00 HKD
  category: "Jewelry"
  sku: "DDFFFFFF0100000000000016"
  qty: 1
  referenceNo: "660"
  orderId: "72cb65ea-3b03-44dd-961a-9d7028e51c9f"
  type: "Invoice Item"
  sourceId: "faf835e4-f3e9-4d16-a13b-ed4da1904ad7"
  Assets:CurrentAssets:AccountReceivable
  referenceNo: "660"
  orderId: "72cb65ea-3b03-44dd-961a-9d7028e51c9f"
  type: "Invoice"
  sourceId: "72cb65ea-3b03-44dd-961a-9d7028e51c9f"
  contact: "852 68038629 (MSXENIATSANG) [4548b7f2-3e91-4627-ba2b-9bef14eac4e1]"
2025-02-14 * "Assets:CurrentAssets:Bank:KpayBank" "Invoice Payment for Invoice #660 #55414ea9-3341-4c84-ab88-3d4b50b29318"
  Assets:CurrentAssets:Bank:KpayBank 9000.00 HKD
  type: "Invoice Payment"
  sourceId: "55414ea9-3341-4c84-ab88-3d4b50b29318"
  referenceNo: "660"
  orderId: "72cb65ea-3b03-44dd-961a-9d7028e51c9f"
  Assets:CurrentAssets:AccountReceivable -9000.00 HKD
  type: "Invoice Payment"
  sourceId: "55414ea9-3341-4c84-ab88-3d4b50b29318"
  referenceNo: "660"
  orderId: "72cb65ea-3b03-44dd-961a-9d7028e51c9f"
  contact: "852 68038629 (MSXENIATSANG) [4548b7f2-3e91-4627-ba2b-9bef14eac4e1]"
2025-02-17 * "Invoice #660 Stock R24131 #11"
  Income:Sales:SalesItem:Sell18kJewelry -2500.00 HKD
  category: "Jewelry"
  sku: "DD2025011900000001"
  qty: 1
  referenceNo: "660"
  orderId: "87077953-9a1b-4c62-9b37-b06cdc68e60c"
  type: "Invoice Item"
  sourceId: "ed15b514-52c6-40f9-9f35-1ddba612e807"
  Assets:CurrentAssets:AccountReceivable
  referenceNo: "660"
  orderId: "87077953-9a1b-4c62-9b37-b06cdc68e60c"
  type: "Invoice"
  sourceId: "87077953-9a1b-4c62-9b37-b06cdc68e60c"
  contact: "852 97211869 () [760474b1-89c8-4c88-b22f-5940600ec17a]"
2025-02-17 * "Assets:CurrentAssets:Bank:KpayBank" "Invoice Payment for Invoice #660 #d44dd228-ed4b-441c-b8fc-55f8dc1ca27f"
  Assets:CurrentAssets:Bank:KpayBank 2500.00 HKD
  type: "Invoice Payment"
  sourceId: "d44dd228-ed4b-441c-b8fc-55f8dc1ca27f"
  referenceNo: "660"
  orderId: "87077953-9a1b-4c62-9b37-b06cdc68e60c"
  Assets:CurrentAssets:AccountReceivable -2500.00 HKD
  type: "Invoice Payment"
  sourceId: "d44dd228-ed4b-441c-b8fc-55f8dc1ca27f"
  referenceNo: "660"
  orderId: "87077953-9a1b-4c62-9b37-b06cdc68e60c"
  contact: "852 97211869 () [760474b1-89c8-4c88-b22f-5940600ec17a]"
2025-02-19 * "Bill #1295 G17 3月2025 租金"
  referenceNo: "1295"
  orderId: "e9447709-c2ad-420c-9a1d-ed9b0b2e4257"
  type: "Bill"
  Expenses:GeneralExpense:Rent 48000.00 HKD
  qty: "1"
  description: "G17 3月2025 租金"
  referenceNo: "1295"
  orderId: "e9447709-c2ad-420c-9a1d-ed9b0b2e4257"
  type: "Bill Item"
  sourceId: "d5b8ff5a-b156-4d20-9b48-5d16b1652824"
  Liabilities:CurrentLiabilities:AccountPayable
  referenceNo: "1295"
  orderId: "e9447709-c2ad-420c-9a1d-ed9b0b2e4257"
  type: "Bill"
  sourceId: "e9447709-c2ad-420c-9a1d-ed9b0b2e4257"
  contact: "880 806 () [53b8789a-4451-4a1f-84f7-a9c5da7ada1a]"
2025-02-19 * "880 806 () [53b8789a-4451-4a1f-84f7-a9c5da7ada1a]" "Bill Payment for Bill #1295 #042c12cc-6a5a-425a-8830-2d5674211d48"
  Liabilities:CurrentLiabilities:AccountPayable 48000.00 HKD
  contact: "880 806 () [53b8789a-4451-4a1f-84f7-a9c5da7ada1a]"
  type: "Bill Payment"
  sourceId: "042c12cc-6a5a-425a-8830-2d5674211d48"
  referenceNo: "1295"
  orderId: "e9447709-c2ad-420c-9a1d-ed9b0b2e4257"
  Assets:CurrentAssets:Bank:BocCurrentBank -48000.00 HKD
  type: "Bill Payment"
  sourceId: "042c12cc-6a5a-425a-8830-2d5674211d48"
  referenceNo: "1295"
  orderId: "e9447709-c2ad-420c-9a1d-ed9b0b2e4257"
2025-02-20 * "Invoice #660 Stock R24131 #14"
  Income:Sales:SalesItem:Sell18kJewelry -2500.00 HKD
  category: "Jewelry"
  sku: "DD2025011900000003"
  qty: 1
  referenceNo: "660"
  orderId: "dd6c6dc7-e43d-4d85-8981-aa7d18df6343"
  type: "Invoice Item"
  sourceId: "2d39d92f-5e3e-4582-9835-e72bed716326"
  Assets:CurrentAssets:AccountReceivable
  referenceNo: "660"
  orderId: "dd6c6dc7-e43d-4d85-8981-aa7d18df6343"
  type: "Invoice"
  sourceId: "dd6c6dc7-e43d-4d85-8981-aa7d18df6343"
  contact: "852 94286518 (NoName) [c7868f61-8cf3-469a-adbe-1dbec40c5053]"
2025-02-20 * "Assets:CurrentAssets:Bank:BocSavingBank" "Invoice Payment for Invoice #660 #95dc7f9c-cde0-4f8a-bd4b-32897e49a7b3"
  Assets:CurrentAssets:Bank:BocSavingBank 2500.00 HKD
  type: "Invoice Payment"
  sourceId: "95dc7f9c-cde0-4f8a-bd4b-32897e49a7b3"
  referenceNo: "660"
  orderId: "dd6c6dc7-e43d-4d85-8981-aa7d18df6343"
  Assets:CurrentAssets:AccountReceivable -2500.00 HKD
  type: "Invoice Payment"
  sourceId: "95dc7f9c-cde0-4f8a-bd4b-32897e49a7b3"
  referenceNo: "660"
  orderId: "dd6c6dc7-e43d-4d85-8981-aa7d18df6343"
  contact: "852 94286518 (NoName) [c7868f61-8cf3-469a-adbe-1dbec40c5053]"
2025-02-21 * "Bill #1286 G17電費(2025-01月)"
  referenceNo: "1286"
  orderId: "427e0bbd-3bd2-436f-9ffd-09168d19371f"
  type: "Bill"
  Expenses:GeneralExpense:ElectricityLightHeating 2083.00 HKD
  qty: "1"
  description: "G17電費(2025-01月)"
  referenceNo: "1286"
  orderId: "427e0bbd-3bd2-436f-9ffd-09168d19371f"
  type: "Bill Item"
  sourceId: "99e7b0cc-0f6a-4805-a1a4-8246e02e9b54"
  Liabilities:CurrentLiabilities:AccountPayable
  referenceNo: "1286"
  orderId: "427e0bbd-3bd2-436f-9ffd-09168d19371f"
  type: "Bill"
  sourceId: "427e0bbd-3bd2-436f-9ffd-09168d19371f"
  contact: "880 806 () [53b8789a-4451-4a1f-84f7-a9c5da7ada1a]"
2025-02-21 * "86 97978678 (ERIC) [cb2cbf18-d8c3-40eb-a388-d7234ea70615]" "Bill Payment for Bill #1282 #15ba3fa5-9798-4984-980b-9b37ac21b6f2"
  Liabilities:CurrentLiabilities:AccountPayable 5742.00 CNY
  contact: "86 97978678 (ERIC) [cb2cbf18-d8c3-40eb-a388-d7234ea70615]"
  type: "Bill Payment"
  sourceId: "15ba3fa5-9798-4984-980b-9b37ac21b6f2"
  referenceNo: "1282"
  orderId: "ca691747-09ae-4c53-bb9a-63b58fab0288"
  Assets:CurrentAssets:TradeDeposit:TradeDeposit-Eric -5742.00 CNY
  type: "Bill Payment"
  sourceId: "15ba3fa5-9798-4984-980b-9b37ac21b6f2"
  referenceNo: "1282"
  orderId: "ca691747-09ae-4c53-bb9a-63b58fab0288"
2025-02-21 * "880 806 () [53b8789a-4451-4a1f-84f7-a9c5da7ada1a]" "Bill Payment for Bill #1286 #8087cbc8-42db-4314-9d7d-8730650941e0"
  Liabilities:CurrentLiabilities:AccountPayable 2083.00 HKD
  contact: "880 806 () [53b8789a-4451-4a1f-84f7-a9c5da7ada1a]"
  type: "Bill Payment"
  sourceId: "8087cbc8-42db-4314-9d7d-8730650941e0"
  referenceNo: "1286"
  orderId: "427e0bbd-3bd2-436f-9ffd-09168d19371f"
  Assets:CurrentAssets:Cash:CashInHand -2083.00 HKD
  type: "Bill Payment"
  sourceId: "8087cbc8-42db-4314-9d7d-8730650941e0"
  referenceNo: "1286"
  orderId: "427e0bbd-3bd2-436f-9ffd-09168d19371f"
2025-02-21 * "Bill #1282 ERIC~補貨/客訂"
  referenceNo: "1282"
  orderId: "ca691747-09ae-4c53-bb9a-63b58fab0288"
  type: "Bill"
  Expenses:CostOfSales:Purchase:PurchaseItem:Buy18kJewelry 1952.00 CNY
  category: "Jewelry"
  sku: "DD2025022100000001"
  qty: 1
  referenceNo: "1282"
  orderId: "ca691747-09ae-4c53-bb9a-63b58fab0288"
  type: "Bill Item"
  sourceId: "22dcd97e-addc-4c15-8fe8-232630bd24de"
  Expenses:CostOfSales:Purchase:PurchaseItem:Buy18kJewelry 1945.00 CNY
  category: "Jewelry"
  sku: "DD2025022100000002"
  qty: 1
  referenceNo: "1282"
  orderId: "ca691747-09ae-4c53-bb9a-63b58fab0288"
  type: "Bill Item"
  sourceId: "508d810b-4229-4825-b047-da46f0aec7e5"
  Expenses:CostOfSales:Purchase:PurchaseItem:Buy18kJewelry 1845.00 CNY
  category: "Jewelry"
  sku: "DD2025022100000003"
  qty: 1
  referenceNo: "1282"
  orderId: "ca691747-09ae-4c53-bb9a-63b58fab0288"
  type: "Bill Item"
  sourceId: "7a9d18df-d700-47d0-a3c1-fabdb27c28ed"
  Liabilities:CurrentLiabilities:AccountPayable
  referenceNo: "1282"
  orderId: "ca691747-09ae-4c53-bb9a-63b58fab0288"
  type: "Bill"
  sourceId: "ca691747-09ae-4c53-bb9a-63b58fab0288"
  contact: "86 97978678 (ERIC) [cb2cbf18-d8c3-40eb-a388-d7234ea70615]"
2025-02-21 * "Assets:CurrentAssets:Bank:KpayBank" "Invoice Payment for Invoice #643 #a09f00b4-2906-4c26-afde-ba9865d8015b"
  Assets:CurrentAssets:Bank:KpayBank 1250.00 HKD
  type: "Invoice Payment"
  sourceId: "a09f00b4-2906-4c26-afde-ba9865d8015b"
  referenceNo: "643"
  orderId: "860bab56-0658-4912-9d7e-d76f69970dd5"
  Assets:CurrentAssets:AccountReceivable -1250.00 HKD
  type: "Invoice Payment"
  sourceId: "a09f00b4-2906-4c26-afde-ba9865d8015b"
  referenceNo: "643"
  orderId: "860bab56-0658-4912-9d7e-d76f69970dd5"
  contact: "852 97822767 (NoName) [0fd325c7-7268-416b-a7c7-44a0ab5ac090]"
2025-02-22 * "Invoice #660 Bespoke Ring Setting #18 SAP2410"
  Income:Sales:SalesItem:SellGems -700.00 HKD
  category: "Gem"
  sku: "SAP2410"
  qty: 1
  referenceNo: "660"
  orderId: "96f65081-5cf1-4dc9-90d2-1aa0827b69b4"
  type: "Invoice Item"
  sourceId: "1bfc8d1f-47c4-4334-aa63-acd1fd7cc805"
  Income:Sales:SalesItem:SellBespokeorotherFee -3500.00 HKD
  category: "Jewelry"
  sku: "DDBESPOKE00000016"
  qty: 1
  referenceNo: "660"
  orderId: "96f65081-5cf1-4dc9-90d2-1aa0827b69b4"
  type: "Invoice Item"
  sourceId: "bb2900af-2ecd-457a-97b5-5c21e881b8c6"
  Assets:CurrentAssets:AccountReceivable
  referenceNo: "660"
  orderId: "96f65081-5cf1-4dc9-90d2-1aa0827b69b4"
  type: "Invoice"
  sourceId: "96f65081-5cf1-4dc9-90d2-1aa0827b69b4"
  contact: "852 65958447 () [f166fab7-40b3-4644-bc01-8f115babb418]"
2025-02-22 * "Assets:CurrentAssets:Bank:BocSavingBank" "Invoice Payment for Invoice #639 #abcd2e23-1132-49a6-ae9c-1b3c4b9c7d69"
  Assets:CurrentAssets:Bank:BocSavingBank 1450.00 HKD
  type: "Invoice Payment"
  sourceId: "abcd2e23-1132-49a6-ae9c-1b3c4b9c7d69"
  referenceNo: "639"
  orderId: "23190aab-e0cb-42d1-b3b6-207ea26c0ec0"
  Assets:CurrentAssets:AccountReceivable -1450.00 HKD
  type: "Invoice Payment"
  sourceId: "abcd2e23-1132-49a6-ae9c-1b3c4b9c7d69"
  referenceNo: "639"
  orderId: "23190aab-e0cb-42d1-b3b6-207ea26c0ec0"
  contact: "852 65958447 () [f166fab7-40b3-4644-bc01-8f115babb418]"
2025-02-22 * "Assets:CurrentAssets:Bank:BocSavingBank" "Invoice Payment for Invoice #660 #5cb7a90d-649a-45d1-a232-dacccb966f5f"
  Assets:CurrentAssets:Bank:BocSavingBank 2100.00 HKD
  type: "Invoice Payment"
  sourceId: "5cb7a90d-649a-45d1-a232-dacccb966f5f"
  referenceNo: "660"
  orderId: "96f65081-5cf1-4dc9-90d2-1aa0827b69b4"
  Assets:CurrentAssets:AccountReceivable -2100.00 HKD
  type: "Invoice Payment"
  sourceId: "5cb7a90d-649a-45d1-a232-dacccb966f5f"
  referenceNo: "660"
  orderId: "96f65081-5cf1-4dc9-90d2-1aa0827b69b4"
  contact: "852 65958447 () [f166fab7-40b3-4644-bc01-8f115babb418]"
2025-02-23 * "Invoice #660 Tour 手繩"
  Income:Sales:SalesItem:SellGoldJewelry -80.00 HKD
  category: "Jewelry"
  sku: "HM000003"
  qty: 2
  referenceNo: "660"
  orderId: "656fa68f-f2d3-4d0f-906f-af1f39d80532"
  type: "Invoice Item"
  sourceId: "f1a088fd-f41b-40e6-bbac-d57ec0e82c03"
  Assets:CurrentAssets:AccountReceivable
  referenceNo: "660"
  orderId: "656fa68f-f2d3-4d0f-906f-af1f39d80532"
  type: "Invoice"
  sourceId: "656fa68f-f2d3-4d0f-906f-af1f39d80532"
  contact: "880 802 (Walkin) [42348712-7daa-4c29-93b7-756b472429a4]"
2025-02-23 * "Invoice #660 Stock R24131 #12"
  Income:Sales:SalesItem:Sell18kJewelry -2500.00 HKD
  category: "Jewelry"
  sku: "DD2025011900000002"
  qty: 1
  referenceNo: "660"
  orderId: "6166c10f-0bdf-4938-bf09-ebb20e4cc5c8"
  type: "Invoice Item"
  sourceId: "e0eb8d9d-5c2c-41d4-b08b-189bf22f93e3"
  Assets:CurrentAssets:AccountReceivable
  referenceNo: "660"
  orderId: "6166c10f-0bdf-4938-bf09-ebb20e4cc5c8"
  type: "Invoice"
  sourceId: "6166c10f-0bdf-4938-bf09-ebb20e4cc5c8"
  contact: "852 55079110 (NoName) [0503a905-3b33-498f-ba36-bf1c7232e222]"
2025-02-23 * "Assets:CurrentAssets:Bank:KpayBank" "Invoice Payment for Invoice #660 #d3c11ee1-893f-4016-94d2-d24aada63474"
  Assets:CurrentAssets:Bank:KpayBank 2500.00 HKD
  type: "Invoice Payment"
  sourceId: "d3c11ee1-893f-4016-94d2-d24aada63474"
  referenceNo: "660"
  orderId: "6166c10f-0bdf-4938-bf09-ebb20e4cc5c8"
  Assets:CurrentAssets:AccountReceivable -2500.00 HKD
  type: "Invoice Payment"
  sourceId: "d3c11ee1-893f-4016-94d2-d24aada63474"
  referenceNo: "660"
  orderId: "6166c10f-0bdf-4938-bf09-ebb20e4cc5c8"
  contact: "852 55079110 (NoName) [0503a905-3b33-498f-ba36-bf1c7232e222]"
2025-02-23 * "Assets:CurrentAssets:Cash:CashInHand" "Invoice Payment for Invoice #660 #a9c7fc89-da2d-4400-a7b3-2d2087b471e3"
  Assets:CurrentAssets:Cash:CashInHand 80.00 HKD
  type: "Invoice Payment"
  sourceId: "a9c7fc89-da2d-4400-a7b3-2d2087b471e3"
  referenceNo: "660"
  orderId: "656fa68f-f2d3-4d0f-906f-af1f39d80532"
  Assets:CurrentAssets:AccountReceivable -80.00 HKD
  type: "Invoice Payment"
  sourceId: "a9c7fc89-da2d-4400-a7b3-2d2087b471e3"
  referenceNo: "660"
  orderId: "656fa68f-f2d3-4d0f-906f-af1f39d80532"
  contact: "880 802 (Walkin) [42348712-7daa-4c29-93b7-756b472429a4]"
2025-02-24 * "Bill #1284 G17 雜項"
  referenceNo: "1284"
  orderId: "9decb083-4248-437c-bad6-a0bf4a5711d0"
  type: "Bill"
  Expenses:GeneralExpense:OfficeExpenses 640.00 HKD
  qty: "1"
  description: "G17 雜項 (墨盒)"
  referenceNo: "1284"
  orderId: "9decb083-4248-437c-bad6-a0bf4a5711d0"
  type: "Bill Item"
  sourceId: "29f024b4-cd9d-4b6e-a4c7-793c5fc0f971"
  Expenses:GeneralExpense:OfficeExpenses 1258.00 HKD
  qty: "1"
  description: "G17 吸塵機 "
  referenceNo: "1284"
  orderId: "9decb083-4248-437c-bad6-a0bf4a5711d0"
  type: "Bill Item"
  sourceId: "8b50c81f-1e70-476b-a4dc-a8373bcc3bdc"
  Liabilities:CurrentLiabilities:AccountPayable
  referenceNo: "1284"
  orderId: "9decb083-4248-437c-bad6-a0bf4a5711d0"
  type: "Bill"
  sourceId: "9decb083-4248-437c-bad6-a0bf4a5711d0"
  contact: "880 806 () [53b8789a-4451-4a1f-84f7-a9c5da7ada1a]"
2025-02-24 * "880 806 () [53b8789a-4451-4a1f-84f7-a9c5da7ada1a]" "Bill Payment for Bill #1284 #332d26c4-13e3-4820-bac1-380c8456fec3"
  Liabilities:CurrentLiabilities:AccountPayable 1898.00 HKD
  contact: "880 806 () [53b8789a-4451-4a1f-84f7-a9c5da7ada1a]"
  type: "Bill Payment"
  sourceId: "332d26c4-13e3-4820-bac1-380c8456fec3"
  referenceNo: "1284"
  orderId: "9decb083-4248-437c-bad6-a0bf4a5711d0"
  Assets:CurrentAssets:Cash:CashInHand -1898.00 HKD
  type: "Bill Payment"
  sourceId: "332d26c4-13e3-4820-bac1-380c8456fec3"
  referenceNo: "1284"
  orderId: "9decb083-4248-437c-bad6-a0bf4a5711d0"
2025-02-25 * "Bill #1296 G17 24/4/25 - 23/4/26 12個月租金"
  referenceNo: "1296"
  orderId: "1c0956cc-2b32-47d4-b565-d49ac90a9333"
  type: "Bill"
  Expenses:GeneralExpense:Rent 540000.00 HKD
  qty: "1"
  description: "G17 24/4/25 - 23/4/26 12個月租金"
  referenceNo: "1296"
  orderId: "1c0956cc-2b32-47d4-b565-d49ac90a9333"
  type: "Bill Item"
  sourceId: "1e8175a6-3ccb-4f43-bb94-ebf8732db817"
  Expenses:GeneralExpense:StampDuty 1352.50 HKD
  qty: "1"
  description: "G17  釐印費"
  referenceNo: "1296"
  orderId: "1c0956cc-2b32-47d4-b565-d49ac90a9333"
  type: "Bill Item"
  sourceId: "f4f94fdf-a619-431e-8517-2a15b96777f4"
  Liabilities:CurrentLiabilities:AccountPayable
  referenceNo: "1296"
  orderId: "1c0956cc-2b32-47d4-b565-d49ac90a9333"
  type: "Bill"
  sourceId: "1c0956cc-2b32-47d4-b565-d49ac90a9333"
  contact: "880 806 () [53b8789a-4451-4a1f-84f7-a9c5da7ada1a]"
2025-02-25 * "Bill #1395 BOC VISA Card - David 2月 2025"
  referenceNo: "1395"
  orderId: "991a0bce-f952-4abd-8296-0b100456611a"
  type: "Bill"
  Expenses:GeneralExpense:OfficeExpenses 168.17 HKD
  qty: "1"
  description: "DKK -  物資"
  referenceNo: "1395"
  orderId: "991a0bce-f952-4abd-8296-0b100456611a"
  type: "Bill Item"
  sourceId: "703d2d38-e898-4343-af0f-0a2a53e0e21b"
  Expenses:GeneralExpense:Subscriptions 158.60 HKD
  qty: "1"
  description: "VERCEL INC. USD 20 (22 Feb 2025)"
  referenceNo: "1395"
  orderId: "991a0bce-f952-4abd-8296-0b100456611a"
  type: "Bill Item"
  sourceId: "b1aaca5c-c314-42ec-baf8-6b014a423762"
  Expenses:GeneralExpense:Subscriptions 102.00 HKD
  qty: "1"
  description: "Microsoft*Microsoft (26 Jan 2025)"
  referenceNo: "1395"
  orderId: "991a0bce-f952-4abd-8296-0b100456611a"
  type: "Bill Item"
  sourceId: "26c7aebe-9122-4daa-b75e-548c07e8c408"
  Expenses:GeneralExpense:BankFeesExpense 0.74 HKD
  qty: "1"
  description: "Bank Fee - 集團 CCTV監控系統訂閱費 TP-LINK GLOBAL INC. 1 Feb 2025"
  referenceNo: "1395"
  orderId: "991a0bce-f952-4abd-8296-0b100456611a"
  type: "Bill Item"
  sourceId: "15acf51c-392b-42d9-806e-7b6e67064919"
  Liabilities:CurrentLiabilities:CurrentAccount:C-a-MilwaysFactoryLtd 1228.76 HKD
  qty: "1"
  description: "Milways Factory - 物資"
  referenceNo: "1395"
  orderId: "991a0bce-f952-4abd-8296-0b100456611a"
  type: "Bill Item"
  sourceId: "4b824152-2a13-4d4e-8c44-df3a50c5579b"
  Liabilities:CurrentLiabilities:CurrentAccount:C-a-MilwaysGoldLimited 9727.17 HKD
  qty: "1"
  description: "Milways Gold -  物資"
  referenceNo: "1395"
  orderId: "991a0bce-f952-4abd-8296-0b100456611a"
  type: "Bill Item"
  sourceId: "65f389dd-3175-4e80-8551-4ffa437e0f69"
  Liabilities:CurrentLiabilities:CurrentAccount:C-a-MilwaysGoldLimited 93.00 HKD
  qty: "1"
  description: " 集團 CCTV監控系統訂閱費 TP-LINK GLOBAL INC. 1 Feb 2025"
  referenceNo: "1395"
  orderId: "991a0bce-f952-4abd-8296-0b100456611a"
  type: "Bill Item"
  sourceId: "b953e54d-25a9-48ee-8013-1f831a163e94"
  Liabilities:CurrentLiabilities:AccountPayable
  referenceNo: "1395"
  orderId: "991a0bce-f952-4abd-8296-0b100456611a"
  type: "Bill"
  sourceId: "991a0bce-f952-4abd-8296-0b100456611a"
  contact: "880 806 () [53b8789a-4451-4a1f-84f7-a9c5da7ada1a]"
2025-02-25 * "880 806 () [53b8789a-4451-4a1f-84f7-a9c5da7ada1a]" "Bill Payment for Bill #1395 #460bd349-d167-4fe2-a4b5-3e3529008e68"
  Liabilities:CurrentLiabilities:AccountPayable 11478.44 HKD
  contact: "880 806 () [53b8789a-4451-4a1f-84f7-a9c5da7ada1a]"
  type: "Bill Payment"
  sourceId: "460bd349-d167-4fe2-a4b5-3e3529008e68"
  referenceNo: "1395"
  orderId: "991a0bce-f952-4abd-8296-0b100456611a"
  Assets:CurrentAssets:Bank:BocVisaCard-DavidBank -11478.44 HKD
  type: "Bill Payment"
  sourceId: "460bd349-d167-4fe2-a4b5-3e3529008e68"
  referenceNo: "1395"
  orderId: "991a0bce-f952-4abd-8296-0b100456611a"
2025-02-25 * "880 806 () [53b8789a-4451-4a1f-84f7-a9c5da7ada1a]" "Bill Payment for Bill #1296 #449bb179-74d8-4c98-849a-d1a923ff6a2d"
  Liabilities:CurrentLiabilities:AccountPayable 540000.00 HKD
  contact: "880 806 () [53b8789a-4451-4a1f-84f7-a9c5da7ada1a]"
  type: "Bill Payment"
  sourceId: "449bb179-74d8-4c98-849a-d1a923ff6a2d"
  referenceNo: "1296"
  orderId: "1c0956cc-2b32-47d4-b565-d49ac90a9333"
  Assets:CurrentAssets:Bank:BocCurrentBank -540000.00 HKD
  type: "Bill Payment"
  sourceId: "449bb179-74d8-4c98-849a-d1a923ff6a2d"
  referenceNo: "1296"
  orderId: "1c0956cc-2b32-47d4-b565-d49ac90a9333"
2025-02-26 * "Bill #1291 2月2025年MPF"
  referenceNo: "1291"
  orderId: "4d9ed2e2-ddf8-498e-8c3d-a50c7d8da14f"
  type: "Bill"
  Expenses:GeneralExpense:Mpf 7500.00 HKD
  qty: "1"
  description: "2月2025年MPF"
  referenceNo: "1291"
  orderId: "4d9ed2e2-ddf8-498e-8c3d-a50c7d8da14f"
  type: "Bill Item"
  sourceId: "d90d3d88-db96-441b-a99c-95e9ad937555"
  Liabilities:CurrentLiabilities:AccountPayable
  referenceNo: "1291"
  orderId: "4d9ed2e2-ddf8-498e-8c3d-a50c7d8da14f"
  type: "Bill"
  sourceId: "4d9ed2e2-ddf8-498e-8c3d-a50c7d8da14f"
  contact: "880 806 () [53b8789a-4451-4a1f-84f7-a9c5da7ada1a]"
2025-02-26 * "880 806 () [53b8789a-4451-4a1f-84f7-a9c5da7ada1a]" "Bill Payment for Bill #1291 #edacaa9f-1259-4dee-97b4-e354887a13ac"
  Liabilities:CurrentLiabilities:AccountPayable 7500.00 HKD
  contact: "880 806 () [53b8789a-4451-4a1f-84f7-a9c5da7ada1a]"
  type: "Bill Payment"
  sourceId: "edacaa9f-1259-4dee-97b4-e354887a13ac"
  referenceNo: "1291"
  orderId: "4d9ed2e2-ddf8-498e-8c3d-a50c7d8da14f"
  Assets:CurrentAssets:Bank:BocCurrentBank -7500.00 HKD
  type: "Bill Payment"
  sourceId: "edacaa9f-1259-4dee-97b4-e354887a13ac"
  referenceNo: "1291"
  orderId: "4d9ed2e2-ddf8-498e-8c3d-a50c7d8da14f"
2025-02-27 * "Bill #1294 ADT CSM - SECOM 12 MONTH (INV 1127301)"
  referenceNo: "1294"
  orderId: "302a977f-c710-4b2c-b2d3-eb9003fe178f"
  type: "Bill"
  Expenses:GeneralExpense:BankFeesExpense 5.00 HKD
  qty: "1"
  description: "BANK FEE "
  referenceNo: "1294"
  orderId: "302a977f-c710-4b2c-b2d3-eb9003fe178f"
  type: "Bill Item"
  sourceId: "17eea634-9975-4734-a62d-54663bd0186b"
  Expenses:GeneralExpense:TelephoneAndInternetAndAlarm 3216.00 HKD
  qty: "1"
  description: "ADT CSM - SECOM  12 MONTH (INV 1127301)"
  referenceNo: "1294"
  orderId: "302a977f-c710-4b2c-b2d3-eb9003fe178f"
  type: "Bill Item"
  sourceId: "06448df6-f21f-4023-b7cb-239ceaa9d57d"
  Liabilities:CurrentLiabilities:AccountPayable
  referenceNo: "1294"
  orderId: "302a977f-c710-4b2c-b2d3-eb9003fe178f"
  type: "Bill"
  sourceId: "302a977f-c710-4b2c-b2d3-eb9003fe178f"
  contact: "880 806 () [53b8789a-4451-4a1f-84f7-a9c5da7ada1a]"
2025-02-27 * "Bill #1293 AE Credit Card payment (25年2月)"
  referenceNo: "1293"
  orderId: "41679b6c-3cef-423d-9aa8-8d2b06db988c"
  type: "Bill"
  Expenses:GeneralExpense:OfficeExpenses 11236.09 HKD
  qty: "1"
  description: "AE Credit Card payment (25年2月)"
  referenceNo: "1293"
  orderId: "41679b6c-3cef-423d-9aa8-8d2b06db988c"
  type: "Bill Item"
  sourceId: "2a9a552e-b796-46e8-9c83-4fb950cb8333"
  Liabilities:CurrentLiabilities:AccountPayable
  referenceNo: "1293"
  orderId: "41679b6c-3cef-423d-9aa8-8d2b06db988c"
  type: "Bill"
  sourceId: "41679b6c-3cef-423d-9aa8-8d2b06db988c"
  contact: "880 806 () [53b8789a-4451-4a1f-84f7-a9c5da7ada1a]"
2025-02-27 * "Bill #1300 G17上網(2025-02月) "
  referenceNo: "1300"
  orderId: "41c9e21f-a4ec-4929-8437-8747324991cb"
  type: "Bill"
  Expenses:GeneralExpense:TelephoneAndInternetAndAlarm 338.00 HKD
  qty: "1"
  description: "G17上網(2025-02月) "
  referenceNo: "1300"
  orderId: "41c9e21f-a4ec-4929-8437-8747324991cb"
  type: "Bill Item"
  sourceId: "8dca2d5f-b157-4f92-a5ee-5c8e769326cb"
  Liabilities:CurrentLiabilities:AccountPayable
  referenceNo: "1300"
  orderId: "41c9e21f-a4ec-4929-8437-8747324991cb"
  type: "Bill"
  sourceId: "41c9e21f-a4ec-4929-8437-8747324991cb"
  contact: "880 806 () [53b8789a-4451-4a1f-84f7-a9c5da7ada1a]"
2025-02-27 * "Bill #1292 SALARY 25年2月"
  referenceNo: "1292"
  orderId: "6022f230-78d7-48ee-839a-a65e139be247"
  type: "Bill"
  Expenses:GeneralExpense:WagesAndSalaries:BWagesAndSalaries 71250.00 HKD
  qty: "1"
  description: "SALARY 25年2月"
  referenceNo: "1292"
  orderId: "6022f230-78d7-48ee-839a-a65e139be247"
  type: "Bill Item"
  sourceId: "5a307d69-9dae-4e31-80db-9b6120dec2af"
  Expenses:GeneralExpense:BankFeesExpense 2.10 HKD
  qty: "1"
  description: "bank fee "
  referenceNo: "1292"
  orderId: "6022f230-78d7-48ee-839a-a65e139be247"
  type: "Bill Item"
  sourceId: "56da6783-4c4b-494f-a5d4-b75bdc812114"
  Liabilities:CurrentLiabilities:AccountPayable
  referenceNo: "1292"
  orderId: "6022f230-78d7-48ee-839a-a65e139be247"
  type: "Bill"
  sourceId: "6022f230-78d7-48ee-839a-a65e139be247"
  contact: "880 806 () [53b8789a-4451-4a1f-84f7-a9c5da7ada1a]"
2025-02-27 * "880 806 () [53b8789a-4451-4a1f-84f7-a9c5da7ada1a]" "Bill Payment for Bill #1300 #89233cfb-b8d7-45e9-ab9d-68722a1ff5c5"
  Liabilities:CurrentLiabilities:AccountPayable 338.00 HKD
  contact: "880 806 () [53b8789a-4451-4a1f-84f7-a9c5da7ada1a]"
  type: "Bill Payment"
  sourceId: "89233cfb-b8d7-45e9-ab9d-68722a1ff5c5"
  referenceNo: "1300"
  orderId: "41c9e21f-a4ec-4929-8437-8747324991cb"
  Assets:CurrentAssets:Cash:CashInHand -338.00 HKD
  type: "Bill Payment"
  sourceId: "89233cfb-b8d7-45e9-ab9d-68722a1ff5c5"
  referenceNo: "1300"
  orderId: "41c9e21f-a4ec-4929-8437-8747324991cb"
2025-02-27 * "880 806 () [53b8789a-4451-4a1f-84f7-a9c5da7ada1a]" "Bill Payment for Bill #1292 #04fad8d7-24f1-4125-b075-dd6bd9d4766c"
  Liabilities:CurrentLiabilities:AccountPayable 2.10 HKD
  contact: "880 806 () [53b8789a-4451-4a1f-84f7-a9c5da7ada1a]"
  type: "Bill Payment"
  sourceId: "04fad8d7-24f1-4125-b075-dd6bd9d4766c"
  referenceNo: "1292"
  orderId: "6022f230-78d7-48ee-839a-a65e139be247"
  Assets:CurrentAssets:Bank:BocSavingBank -2.10 HKD
  type: "Bill Payment"
  sourceId: "04fad8d7-24f1-4125-b075-dd6bd9d4766c"
  referenceNo: "1292"
  orderId: "6022f230-78d7-48ee-839a-a65e139be247"
2025-02-27 * "880 806 () [53b8789a-4451-4a1f-84f7-a9c5da7ada1a]" "Bill Payment for Bill #1292 #b85cbb43-22b4-4104-98cd-76dd6e1acc38"
  Liabilities:CurrentLiabilities:AccountPayable 71250.00 HKD
  contact: "880 806 () [53b8789a-4451-4a1f-84f7-a9c5da7ada1a]"
  type: "Bill Payment"
  sourceId: "b85cbb43-22b4-4104-98cd-76dd6e1acc38"
  referenceNo: "1292"
  orderId: "6022f230-78d7-48ee-839a-a65e139be247"
  Assets:CurrentAssets:Bank:BocSavingBank -71250.00 HKD
  type: "Bill Payment"
  sourceId: "b85cbb43-22b4-4104-98cd-76dd6e1acc38"
  referenceNo: "1292"
  orderId: "6022f230-78d7-48ee-839a-a65e139be247"
2025-02-27 * "880 806 () [53b8789a-4451-4a1f-84f7-a9c5da7ada1a]" "Bill Payment for Bill #1293 #46e31704-4340-4548-931e-09c9dd8bced9"
  Liabilities:CurrentLiabilities:AccountPayable 11236.09 HKD
  contact: "880 806 () [53b8789a-4451-4a1f-84f7-a9c5da7ada1a]"
  type: "Bill Payment"
  sourceId: "46e31704-4340-4548-931e-09c9dd8bced9"
  referenceNo: "1293"
  orderId: "41679b6c-3cef-423d-9aa8-8d2b06db988c"
  Assets:CurrentAssets:Bank:BocSavingBank -11236.09 HKD
  type: "Bill Payment"
  sourceId: "46e31704-4340-4548-931e-09c9dd8bced9"
  referenceNo: "1293"
  orderId: "41679b6c-3cef-423d-9aa8-8d2b06db988c"
2025-02-27 * "880 806 () [53b8789a-4451-4a1f-84f7-a9c5da7ada1a]" "Bill Payment for Bill #1294 #002e1cb5-f382-435b-83b1-5bd50901abd6"
  Liabilities:CurrentLiabilities:AccountPayable 5.00 HKD
  contact: "880 806 () [53b8789a-4451-4a1f-84f7-a9c5da7ada1a]"
  type: "Bill Payment"
  sourceId: "002e1cb5-f382-435b-83b1-5bd50901abd6"
  referenceNo: "1294"
  orderId: "302a977f-c710-4b2c-b2d3-eb9003fe178f"
  Assets:CurrentAssets:Bank:BocSavingBank -5.00 HKD
  type: "Bill Payment"
  sourceId: "002e1cb5-f382-435b-83b1-5bd50901abd6"
  referenceNo: "1294"
  orderId: "302a977f-c710-4b2c-b2d3-eb9003fe178f"
2025-02-27 * "880 806 () [53b8789a-4451-4a1f-84f7-a9c5da7ada1a]" "Bill Payment for Bill #1294 #3cd43069-9bc3-41db-988f-6f109720cf52"
  Liabilities:CurrentLiabilities:AccountPayable 3216.00 HKD
  contact: "880 806 () [53b8789a-4451-4a1f-84f7-a9c5da7ada1a]"
  type: "Bill Payment"
  sourceId: "3cd43069-9bc3-41db-988f-6f109720cf52"
  referenceNo: "1294"
  orderId: "302a977f-c710-4b2c-b2d3-eb9003fe178f"
  Assets:CurrentAssets:Bank:BocSavingBank -3216.00 HKD
  type: "Bill Payment"
  sourceId: "3cd43069-9bc3-41db-988f-6f109720cf52"
  referenceNo: "1294"
  orderId: "302a977f-c710-4b2c-b2d3-eb9003fe178f"
2025-02-27 * "Invoice #660 Stock R24131 #13"
  Income:Sales:SalesItem:Sell18kJewelry -2500.00 HKD
  category: "Jewelry"
  sku: "DD2024123100000004"
  qty: 1
  referenceNo: "660"
  orderId: "07310bc0-840a-4f10-b84e-1589cd6f1bf8"
  type: "Invoice Item"
  sourceId: "3fb69578-d752-4afb-a95e-24c8848d0ca4"
  Assets:CurrentAssets:AccountReceivable
  referenceNo: "660"
  orderId: "07310bc0-840a-4f10-b84e-1589cd6f1bf8"
  type: "Invoice"
  sourceId: "07310bc0-840a-4f10-b84e-1589cd6f1bf8"
  contact: "852 65312815 (NoName) [f0ff8e08-67e7-40c1-81ed-00aec9d7f03f]"
2025-02-27 * "Assets:CurrentAssets:Bank:KpayBank" "Invoice Payment for Invoice #660 #96a7b562-d5f9-4a34-b804-9f3f6c0fe7f3"
  Assets:CurrentAssets:Bank:KpayBank 2500.00 HKD
  type: "Invoice Payment"
  sourceId: "96a7b562-d5f9-4a34-b804-9f3f6c0fe7f3"
  referenceNo: "660"
  orderId: "07310bc0-840a-4f10-b84e-1589cd6f1bf8"
  Assets:CurrentAssets:AccountReceivable -2500.00 HKD
  type: "Invoice Payment"
  sourceId: "96a7b562-d5f9-4a34-b804-9f3f6c0fe7f3"
  referenceNo: "660"
  orderId: "07310bc0-840a-4f10-b84e-1589cd6f1bf8"
  contact: "852 65312815 (NoName) [f0ff8e08-67e7-40c1-81ed-00aec9d7f03f]"
2025-02-28 * "Invoice #665 INTEREST"
  Income:OtherIncome:Interest-bank -27.58 HKD
  description: " INTEREST"
  qty: 1
  referenceNo: "665"
  orderId: "83fab77f-9d6e-4b65-b07d-3411a66fc49c"
  type: "Invoice Item"
  sourceId: "228fef42-af57-47df-b3df-b26122a4f035"
  Assets:CurrentAssets:AccountReceivable
  referenceNo: "665"
  orderId: "83fab77f-9d6e-4b65-b07d-3411a66fc49c"
  type: "Invoice"
  sourceId: "83fab77f-9d6e-4b65-b07d-3411a66fc49c"
  contact: "880 806 () [53b8789a-4451-4a1f-84f7-a9c5da7ada1a]"
2025-02-28 * "Invoice #660 Income of Hedging (金) 2025-02"
  Income:OtherIncome:IncomeOfHedging金 -19362.73 USDT
  description: "Closed Trade P/L :2025.02.02-02.12"
  qty: 1
  referenceNo: "660"
  orderId: "64af5c1b-4ea5-4cac-bd9d-00ddda2c8c60"
  type: "Invoice Item"
  sourceId: "ef1e95fe-b058-412b-a6db-678694aefc9a"
  Assets:CurrentAssets:AccountReceivable
  referenceNo: "660"
  orderId: "64af5c1b-4ea5-4cac-bd9d-00ddda2c8c60"
  type: "Invoice"
  sourceId: "64af5c1b-4ea5-4cac-bd9d-00ddda2c8c60"
  contact: "852 666666 (icmarket) [666112b8-2856-4ed8-8370-eb4b911be7b5]"
2025-02-28 * "Bill #1290 Lost of Invest-MT57170667- 2025.02.05 2025.02.28"
  referenceNo: "1290"
  orderId: "2322219a-565b-42e7-b85b-41a2d9b9306e"
  type: "Bill"
  Expenses:OtherExpenses:LostOfInvestment 67.30 USDT
  qty: "1"
  description: "Closed Trade P/L: 2025.02.05 "
  referenceNo: "1290"
  orderId: "2322219a-565b-42e7-b85b-41a2d9b9306e"
  type: "Bill Item"
  sourceId: "be93f2b0-02f1-43aa-add5-e416ae87e836"
  Liabilities:CurrentLiabilities:AccountPayable
  referenceNo: "1290"
  orderId: "2322219a-565b-42e7-b85b-41a2d9b9306e"
  type: "Bill"
  sourceId: "2322219a-565b-42e7-b85b-41a2d9b9306e"
  contact: "852 666666 (icmarket) [666112b8-2856-4ed8-8370-eb4b911be7b5]"
2025-02-28 * "Bill #1298 Assist MW in hedging used Icmarket acc 2025-02"
  referenceNo: "1298"
  orderId: "eaa07ee5-984a-4ae6-bb7d-8dae3bf0e523"
  type: "Bill"
  Income:OtherIncome:AssistHedging金 19362.73 USDT
  qty: "1"
  description: "assist MW in hedging used Icmarket acc :2025.02.02-02.12"
  referenceNo: "1298"
  orderId: "eaa07ee5-984a-4ae6-bb7d-8dae3bf0e523"
  type: "Bill Item"
  sourceId: "69570e59-4a91-49f8-9717-e1bb6eba49c3"
  Liabilities:CurrentLiabilities:AccountPayable
  referenceNo: "1298"
  orderId: "eaa07ee5-984a-4ae6-bb7d-8dae3bf0e523"
  type: "Bill"
  sourceId: "eaa07ee5-984a-4ae6-bb7d-8dae3bf0e523"
  contact: "852 62244422 (MilwaysGoldLtd萬寶黄金有限公司) [2dcfeea3-ab5e-40a3-a0af-00101f3873fa]"
2025-02-28 * "Bill #1297 Lost of invest 2025.02.05-02.06"
  referenceNo: "1297"
  orderId: "58bcc148-598d-4a70-98da-db931508a3c3"
  type: "Bill"
  Expenses:OtherExpenses:LostOfInvestment 1032.87 USDT
  qty: "1"
  description: "Closed Trade P/L:2025.02.28"
  referenceNo: "1297"
  orderId: "58bcc148-598d-4a70-98da-db931508a3c3"
  type: "Bill Item"
  sourceId: "5dfe1a19-a145-46df-9d00-0b55764f3ef3"
  Liabilities:CurrentLiabilities:AccountPayable
  referenceNo: "1297"
  orderId: "58bcc148-598d-4a70-98da-db931508a3c3"
  type: "Bill"
  sourceId: "58bcc148-598d-4a70-98da-db931508a3c3"
  contact: "852 666666 (icmarket) [666112b8-2856-4ed8-8370-eb4b911be7b5]"
2025-02-28 * "Assets:CurrentAssets:Bank:BocSavingBank" "Invoice Payment for Invoice #665 #3b0b7d0a-8300-4375-8d04-13a40590654f"
  Assets:CurrentAssets:Bank:BocSavingBank 27.58 HKD
  type: "Invoice Payment"
  sourceId: "3b0b7d0a-8300-4375-8d04-13a40590654f"
  referenceNo: "665"
  orderId: "83fab77f-9d6e-4b65-b07d-3411a66fc49c"
  Assets:CurrentAssets:AccountReceivable -27.58 HKD
  type: "Invoice Payment"
  sourceId: "3b0b7d0a-8300-4375-8d04-13a40590654f"
  referenceNo: "665"
  orderId: "83fab77f-9d6e-4b65-b07d-3411a66fc49c"
  contact: "880 806 () [53b8789a-4451-4a1f-84f7-a9c5da7ada1a]"
2025-02-28 * "Assets:CurrentAssets:E-tradingPlatform:Mt511193568金" "Invoice Payment for Invoice #660 #3c9511b7-5d4c-493f-8748-69dd8160b83d"
  Assets:CurrentAssets:E-tradingPlatform:Mt511193568金 19362.73 USDT
  type: "Invoice Payment"
  sourceId: "3c9511b7-5d4c-493f-8748-69dd8160b83d"
  referenceNo: "660"
  orderId: "64af5c1b-4ea5-4cac-bd9d-00ddda2c8c60"
  Assets:CurrentAssets:AccountReceivable -19362.73 USDT
  type: "Invoice Payment"
  sourceId: "3c9511b7-5d4c-493f-8748-69dd8160b83d"
  referenceNo: "660"
  orderId: "64af5c1b-4ea5-4cac-bd9d-00ddda2c8c60"
  contact: "852 666666 (icmarket) [666112b8-2856-4ed8-8370-eb4b911be7b5]"
2025-02-28 * "852 666666 (icmarket) [666112b8-2856-4ed8-8370-eb4b911be7b5]" "Bill Payment for Bill #1290 #7183ab0d-982c-4c3a-94c7-694cb9925583"
  Liabilities:CurrentLiabilities:AccountPayable 67.30 USDT
  contact: "852 666666 (icmarket) [666112b8-2856-4ed8-8370-eb4b911be7b5]"
  type: "Bill Payment"
  sourceId: "7183ab0d-982c-4c3a-94c7-694cb9925583"
  referenceNo: "1290"
  orderId: "2322219a-565b-42e7-b85b-41a2d9b9306e"
  Assets:CurrentAssets:E-tradingPlatform:Mt57170667Invest -67.30 USDT
  type: "Bill Payment"
  sourceId: "7183ab0d-982c-4c3a-94c7-694cb9925583"
  referenceNo: "1290"
  orderId: "2322219a-565b-42e7-b85b-41a2d9b9306e"
2025-02-28 * "852 666666 (icmarket) [666112b8-2856-4ed8-8370-eb4b911be7b5]" "Bill Payment for Bill #1297 #a0daf773-ea13-4d8c-88ea-b8f26973d453"
  Liabilities:CurrentLiabilities:AccountPayable 1032.87 USDT
  contact: "852 666666 (icmarket) [666112b8-2856-4ed8-8370-eb4b911be7b5]"
  type: "Bill Payment"
  sourceId: "a0daf773-ea13-4d8c-88ea-b8f26973d453"
  referenceNo: "1297"
  orderId: "58bcc148-598d-4a70-98da-db931508a3c3"
  Assets:CurrentAssets:E-tradingPlatform:Mt511268965Invest -1032.87 USDT
  type: "Bill Payment"
  sourceId: "a0daf773-ea13-4d8c-88ea-b8f26973d453"
  referenceNo: "1297"
  orderId: "58bcc148-598d-4a70-98da-db931508a3c3"
2025-02-28 * "852 62244422 (MilwaysGoldLtd萬寶黄金有限公司) [2dcfeea3-ab5e-40a3-a0af-00101f3873fa]" "Bill Payment for Bill #1298 #8470d82e-9888-4b91-b71c-7a6b702c44ea"
  Liabilities:CurrentLiabilities:AccountPayable 19362.73 USDT
  contact: "852 62244422 (MilwaysGoldLtd萬寶黄金有限公司) [2dcfeea3-ab5e-40a3-a0af-00101f3873fa]"
  type: "Bill Payment"
  sourceId: "8470d82e-9888-4b91-b71c-7a6b702c44ea"
  referenceNo: "1298"
  orderId: "eaa07ee5-984a-4ae6-bb7d-8dae3bf0e523"
  Assets:CurrentAssets:Wallet:DkkCWallet金料 -19362.73 USDT
  type: "Bill Payment"
  sourceId: "8470d82e-9888-4b91-b71c-7a6b702c44ea"
  referenceNo: "1298"
  orderId: "eaa07ee5-984a-4ae6-bb7d-8dae3bf0e523"
2025-02-28 * "Invoice #660 Stock B24195 / B24194"
  Income:Sales:SalesItem:Sell18kJewelry -3600.00 HKD
  category: "Jewelry"
  sku: "DD2024112600000009"
  qty: 1
  referenceNo: "660"
  orderId: "cc54cc93-1ac2-4cb7-99b5-ab69ed864100"
  type: "Invoice Item"
  sourceId: "73011c16-3cad-462b-acb5-c41b93628154"
  Income:Sales:SalesItem:Sell18kJewelry -3600.00 HKD
  category: "Jewelry"
  sku: "DD2024112600000003"
  qty: 1
  referenceNo: "660"
  orderId: "cc54cc93-1ac2-4cb7-99b5-ab69ed864100"
  type: "Invoice Item"
  sourceId: "9a8c81c8-731e-4b45-93a3-a122c4a79b69"
  Assets:CurrentAssets:AccountReceivable
  referenceNo: "660"
  orderId: "cc54cc93-1ac2-4cb7-99b5-ab69ed864100"
  type: "Invoice"
  sourceId: "cc54cc93-1ac2-4cb7-99b5-ab69ed864100"
  contact: "852 98029957 (NoName) [2f2b725b-504c-49ef-86e6-1b5597f0d0c4]"
2025-02-28 * "Assets:CurrentAssets:Bank:KpayBank" "Invoice Payment for Invoice #660 #a0730025-49d6-436c-875e-a619023dcdb5"
  Assets:CurrentAssets:Bank:KpayBank 7200.00 HKD
  type: "Invoice Payment"
  sourceId: "a0730025-49d6-436c-875e-a619023dcdb5"
  referenceNo: "660"
  orderId: "cc54cc93-1ac2-4cb7-99b5-ab69ed864100"
  Assets:CurrentAssets:AccountReceivable -7200.00 HKD
  type: "Invoice Payment"
  sourceId: "a0730025-49d6-436c-875e-a619023dcdb5"
  referenceNo: "660"
  orderId: "cc54cc93-1ac2-4cb7-99b5-ab69ed864100"
  contact: "852 98029957 (NoName) [2f2b725b-504c-49ef-86e6-1b5597f0d0c4]"