; ORDER transactions for 2025-09

2025-09-01 * "Bill #1449 DKK 更換燈箱燈片"
  referenceNo: "1449"
  orderId: "35619f4b-d336-4cb7-93ee-7861cdd3c66f"
  type: "Bill"
  Expenses:OfficeExpenses 481 HKD
  qty: "1"
  description: "DKK 更換燈箱燈片"
  referenceNo: "1449"
  orderId: "35619f4b-d336-4cb7-93ee-7861cdd3c66f"
  type: "Bill Item"
  sourceId: "451fe819-dc17-4a57-89cd-d2c2aa498537"
  Liabilities:CurrentLiabilities:AccountPayable
  referenceNo: "1449"
  orderId: "35619f4b-d336-4cb7-93ee-7861cdd3c66f"
  type: "Bill"
  sourceId: "35619f4b-d336-4cb7-93ee-7861cdd3c66f"
  contact: "880 806 () [53b8789a-4451-4a1f-84f7-a9c5da7ada1a]"
2025-09-01 * "880 806 () [53b8789a-4451-4a1f-84f7-a9c5da7ada1a]" "Bill Payment for Bill #1449 #0c16ca15-e9fd-4544-8256-a2cc1d9bb97b"
  contact: "880 806 () [53b8789a-4451-4a1f-84f7-a9c5da7ada1a]"
  Liabilities:CurrentLiabilities:AccountPayable 481 HKD
  type: "Bill Payment"
  sourceId: "0c16ca15-e9fd-4544-8256-a2cc1d9bb97b"
  referenceNo: "1449"
  orderId: "35619f4b-d336-4cb7-93ee-7861cdd3c66f"
  Assets:CurrentAssets:Cash:CashInHand -481 HKD
  type: "Bill Payment"
  sourceId: "0c16ca15-e9fd-4544-8256-a2cc1d9bb97b"
  referenceNo: "1449"
  orderId: "35619f4b-d336-4cb7-93ee-7861cdd3c66f"
2025-09-01 * "Invoice #803 Stock SAP2538"
  Income:Sales:SalesItem:SellGems -2500 HKD
  category: "Gem"
  sku: "SAP2538"
  qty: 1
  referenceNo: "803"
  orderId: "1bc66aa1-e9af-4526-bf2c-4f014998ef97"
  type: "Invoice Item"
  sourceId: "08eff2ab-ae66-43ce-88f4-41187a3713d8"
  Assets:CurrentAssets:AccountReceivable
  referenceNo: "803"
  orderId: "1bc66aa1-e9af-4526-bf2c-4f014998ef97"
  type: "Invoice"
  sourceId: "1bc66aa1-e9af-4526-bf2c-4f014998ef97"
  contact: "852 68982997 (No Name) [2e318e29-30a2-45b8-80e8-0f6c93582da9]"
2025-09-01 * "Assets:CurrentAssets:Bank:KpayBank" "Invoice Payment for Invoice #803 #442a954d-e2c8-4052-953f-8426ef64e1a8"
  Assets:CurrentAssets:Bank:KpayBank 2500 HKD
  type: "Invoice Payment"
  sourceId: "442a954d-e2c8-4052-953f-8426ef64e1a8"
  referenceNo: "803"
  orderId: "1bc66aa1-e9af-4526-bf2c-4f014998ef97"
  Assets:CurrentAssets:AccountReceivable -2500 HKD
  type: "Invoice Payment"
  sourceId: "442a954d-e2c8-4052-953f-8426ef64e1a8"
  referenceNo: "803"
  orderId: "1bc66aa1-e9af-4526-bf2c-4f014998ef97"
  contact: "852 68982997 (No Name) [2e318e29-30a2-45b8-80e8-0f6c93582da9]"
2025-09-03 * "Invoice #805 Shirley藍寶石代鑲嵌戒指"
  Income:Sales:SalesItem:SellGems -2102 HKD
  category: "Gem"
  sku: "SAP2541"
  qty: 1
  referenceNo: "805"
  orderId: "0119b9c9-f2d4-4d0b-9b10-9c848a9421af"
  type: "Invoice Item"
  sourceId: "2c88c7f5-a8c6-4081-a179-9bcd50bf211e"
  Income:Sales:SalesItem:SellBespokeorotherFee -2291 HKD
  category: "Jewelry"
  sku: "DDBESPOKE00000041"
  qty: 1
  referenceNo: "805"
  orderId: "0119b9c9-f2d4-4d0b-9b10-9c848a9421af"
  type: "Invoice Item"
  sourceId: "5bd228d0-2fd9-4552-837d-11ed3d92fb60"
  Assets:CurrentAssets:AccountReceivable
  referenceNo: "805"
  orderId: "0119b9c9-f2d4-4d0b-9b10-9c848a9421af"
  type: "Invoice"
  sourceId: "0119b9c9-f2d4-4d0b-9b10-9c848a9421af"
  contact: "998 12345708 (David Kwan(Director)) [02ab8da0-959b-440e-9733-c02eab1b0288]"
2025-09-04 * "Liabilities:CurrentLiabilities:CurrentAccount:C-a-DirectorDavidKwan" "Invoice Payment for Invoice #805 #e9a34850-7635-404d-966c-3452838fc5ee"
  Liabilities:CurrentLiabilities:CurrentAccount:C-a-DirectorDavidKwan 4393 HKD
  type: "Invoice Payment"
  sourceId: "e9a34850-7635-404d-966c-3452838fc5ee"
  referenceNo: "805"
  orderId: "0119b9c9-f2d4-4d0b-9b10-9c848a9421af"
  Assets:CurrentAssets:AccountReceivable -4393 HKD
  type: "Invoice Payment"
  sourceId: "e9a34850-7635-404d-966c-3452838fc5ee"
  referenceNo: "805"
  orderId: "0119b9c9-f2d4-4d0b-9b10-9c848a9421af"
  contact: "998 12345708 (David Kwan(Director)) [02ab8da0-959b-440e-9733-c02eab1b0288]"
2025-09-04 * "Invoice #806 Stock R24131 #11"
  Income:Sales:SalesItem:Sell18kJewelry -2800 HKD
  category: "Jewelry"
  sku: "DD2025052300000002"
  qty: 1
  referenceNo: "806"
  orderId: "98228c00-8500-48d4-84fc-4abda5bd6b4f"
  type: "Invoice Item"
  sourceId: "d16fc095-37f1-4646-a382-cf338a01a348"
  Assets:CurrentAssets:AccountReceivable
  referenceNo: "806"
  orderId: "98228c00-8500-48d4-84fc-4abda5bd6b4f"
  type: "Invoice"
  sourceId: "98228c00-8500-48d4-84fc-4abda5bd6b4f"
  contact: "852 62056663 (No Name) [9f6cfde4-b4d9-4614-8804-c79fb5fc9b00]"
2025-09-04 * "Bill #1424 嚴丹鳳代鑲石 合併"
  referenceNo: "1424"
  orderId: "4af199da-8c9f-442c-a7b5-cca677750ceb"
  type: "Bill"
  Assets:CurrentAssets:ShopInventory:Jewelry -1917 HKD
  qty: "-1"
  description: "做貨 BR2557 $1917 + (SAP2537) $585 = $2502"
  referenceNo: "1424"
  orderId: "4af199da-8c9f-442c-a7b5-cca677750ceb"
  type: "Bill Item"
  sourceId: "6aeca285-9897-4025-b93e-5ca48178858a"
  Assets:CurrentAssets:ShopInventory:Jewelry 2713 HKD
  category: "Jewelry"
  sku: "DD20250904004"
  qty: 1
  referenceNo: "1424"
  orderId: "4af199da-8c9f-442c-a7b5-cca677750ceb"
  type: "Bill Item"
  sourceId: "f903663b-a9ff-493e-b37b-94c4a19e1632"
  Assets:CurrentAssets:ShopInventory:Jewelry 2207 HKD
  category: "Jewelry"
  sku: "DD20250904001"
  qty: 1
  referenceNo: "1424"
  orderId: "4af199da-8c9f-442c-a7b5-cca677750ceb"
  type: "Bill Item"
  sourceId: "ee91ba6f-72e7-427b-9e51-a877e414cb32"
  Assets:CurrentAssets:ShopInventory:Gemstones -551 HKD
  category: "Gem"
  sku: "SAP2554-12"
  qty: -1
  referenceNo: "1424"
  orderId: "4af199da-8c9f-442c-a7b5-cca677750ceb"
  type: "Bill Item"
  sourceId: "15146982-32df-40c8-9709-78521e4d1204"
  Expenses:CostOfSales:Purchase:PurchaseItem:Buy18kJewelry 1655 HKD
  qty: "1"
  description: "做貨 BR2555 $1655 + (SAP2554-12) $551 = $2206"
  referenceNo: "1424"
  orderId: "4af199da-8c9f-442c-a7b5-cca677750ceb"
  type: "Bill Item"
  sourceId: "5f77bb30-6d2d-4f93-bc9d-cae5013db040"
  Assets:CurrentAssets:ShopInventory:Jewelry -1655 HKD
  qty: "-1"
  description: "做貨 BR2555 $1655 + (SAP2554-12) $551 = $2206"
  referenceNo: "1424"
  orderId: "4af199da-8c9f-442c-a7b5-cca677750ceb"
  type: "Bill Item"
  sourceId: "c4a58b24-f33f-4669-bc8b-109daff3326e"
  Assets:CurrentAssets:ShopInventory:Jewelry 2476 HKD
  category: "Jewelry"
  sku: "DD20250904002"
  qty: 1
  referenceNo: "1424"
  orderId: "4af199da-8c9f-442c-a7b5-cca677750ceb"
  type: "Bill Item"
  sourceId: "d9d61c92-0a69-492a-b35b-7325f97c8832"
  Assets:CurrentAssets:ShopInventory:Gemstones -669 HKD
  category: "Gem"
  sku: "SAP2551-2"
  qty: -1
  referenceNo: "1424"
  orderId: "4af199da-8c9f-442c-a7b5-cca677750ceb"
  type: "Bill Item"
  sourceId: "e32200ba-8a62-4574-bc49-2bd70da5be97"
  Expenses:CostOfSales:Purchase:PurchaseItem:Buy18kJewelry 1807 HKD
  qty: "1"
  description: "做貨 BR2556 $1807 + (SAP2551-2) $669 = $2476"
  referenceNo: "1424"
  orderId: "4af199da-8c9f-442c-a7b5-cca677750ceb"
  type: "Bill Item"
  sourceId: "9b5a1310-1275-4e6a-861f-8b73712254f6"
  Assets:CurrentAssets:ShopInventory:Jewelry -1807 HKD
  qty: "-1"
  description: "做貨 BR2556 $1807 + (SAP2551-2) $669 = $2476"
  referenceNo: "1424"
  orderId: "4af199da-8c9f-442c-a7b5-cca677750ceb"
  type: "Bill Item"
  sourceId: "ae75818a-4a41-4ba9-9c0d-aa0e1229a6fe"
  Assets:CurrentAssets:ShopInventory:Jewelry 2502 HKD
  category: "Jewelry"
  sku: "DD20250904003"
  qty: 1
  referenceNo: "1424"
  orderId: "4af199da-8c9f-442c-a7b5-cca677750ceb"
  type: "Bill Item"
  sourceId: "bda469ab-bdec-42ad-8352-6a24255c4aa3"
  Assets:CurrentAssets:ShopInventory:Gemstones -585 HKD
  category: "Gem"
  sku: "SAP2537"
  qty: -1
  referenceNo: "1424"
  orderId: "4af199da-8c9f-442c-a7b5-cca677750ceb"
  type: "Bill Item"
  sourceId: "1e3ee4be-a218-4bff-bc92-c6c06745d689"
  Expenses:CostOfSales:Purchase:PurchaseItem:Buy18kJewelry 1917 HKD
  qty: "1"
  description: "做貨 BR2557 $1917 + (SAP2537) $585 = $2502"
  referenceNo: "1424"
  orderId: "4af199da-8c9f-442c-a7b5-cca677750ceb"
  type: "Bill Item"
  sourceId: "4943b029-5dbd-41d9-916c-0bed730f2b23"
  Assets:CurrentAssets:ShopInventory:Gemstones -649 HKD
  category: "Gem"
  sku: "SAP2551-5"
  qty: -1
  referenceNo: "1424"
  orderId: "4af199da-8c9f-442c-a7b5-cca677750ceb"
  type: "Bill Item"
  sourceId: "7561d96c-1704-4d4a-a5fb-01a8dc33c6d8"
  Expenses:CostOfSales:Purchase:PurchaseItem:Buy18kJewelry 2064 HKD
  qty: "1"
  description: "做貨 BR2558 $2064 + (SAP2551-5) $649 = $2713"
  referenceNo: "1424"
  orderId: "4af199da-8c9f-442c-a7b5-cca677750ceb"
  type: "Bill Item"
  sourceId: "64a85be7-977d-4efd-bdb5-31ffa6e175d9"
  Assets:CurrentAssets:ShopInventory:Jewelry -2064 HKD
  qty: "-1"
  description: "做貨 BR2558 $2064 + (SAP2551-5) $649 = $2713"
  referenceNo: "1424"
  orderId: "4af199da-8c9f-442c-a7b5-cca677750ceb"
  type: "Bill Item"
  sourceId: "2e8a6660-07b0-48d7-89d4-6e05b6acab27"
  Assets:CurrentAssets:ShopInventory:Jewelry 2485 HKD
  category: "Jewelry"
  sku: "DD20250904005"
  qty: 1
  referenceNo: "1424"
  orderId: "4af199da-8c9f-442c-a7b5-cca677750ceb"
  type: "Bill Item"
  sourceId: "f5ff274b-822c-4985-b94f-2e250122225c"
  Assets:CurrentAssets:ShopInventory:Gemstones -684 HKD
  category: "Gem"
  sku: "SAP2551-8"
  qty: -1
  referenceNo: "1424"
  orderId: "4af199da-8c9f-442c-a7b5-cca677750ceb"
  type: "Bill Item"
  sourceId: "e03f9195-30f9-49b8-a63c-ae9138fceddc"
  Expenses:CostOfSales:Purchase:PurchaseItem:Buy18kJewelry 1801 HKD
  qty: "1"
  description: "做貨 BR2559 $1801 + (SAP2551-8) $684 = $2485"
  referenceNo: "1424"
  orderId: "4af199da-8c9f-442c-a7b5-cca677750ceb"
  type: "Bill Item"
  sourceId: "1442a2e3-7329-432a-89a9-8538377a30ce"
  Assets:CurrentAssets:ShopInventory:Jewelry -1801 HKD
  qty: "-1"
  description: "做貨 BR2559 $1801 + (SAP2551-8) $684 = $2485"
  referenceNo: "1424"
  orderId: "4af199da-8c9f-442c-a7b5-cca677750ceb"
  type: "Bill Item"
  sourceId: "3c35483e-997e-4c54-b47f-56d1337e1fb2"
  Expenses:CostOfSales:Purchase:PurchaseItem:Buy18kJewelry 2171 HKD
  category: "Jewelry"
  sku: "DD20250904006"
  qty: 1
  referenceNo: "1424"
  orderId: "4af199da-8c9f-442c-a7b5-cca677750ceb"
  type: "Bill Item"
  sourceId: "1869c2b4-5ae9-41bf-a360-cb726f4bc948"
  Expenses:CostOfSales:Purchase:PurchaseItem:Buy18kJewelry 699.5 HKD
  qty: "1"
  description: "ref#1413 BN2529 Cost + Chain $699.5"
  referenceNo: "1424"
  orderId: "4af199da-8c9f-442c-a7b5-cca677750ceb"
  type: "Bill Item"
  sourceId: "a7a4ca7f-252e-46ca-8e53-59a0f35ef228"
  Liabilities:CurrentLiabilities:AccountPayable
  referenceNo: "1424"
  orderId: "4af199da-8c9f-442c-a7b5-cca677750ceb"
  type: "Bill"
  sourceId: "4af199da-8c9f-442c-a7b5-cca677750ceb"
  contact: "86 13502891558 () [0855f826-2f3a-4788-bfb1-5f09653c1ad0]"
2025-09-04 * "Assets:CurrentAssets:Bank:KpayBank" "Invoice Payment for Invoice #806 #74764199-4387-40e2-a52f-b7e3c3e5d435"
  Assets:CurrentAssets:Bank:KpayBank 2800 HKD
  type: "Invoice Payment"
  sourceId: "74764199-4387-40e2-a52f-b7e3c3e5d435"
  referenceNo: "806"
  orderId: "98228c00-8500-48d4-84fc-4abda5bd6b4f"
  Assets:CurrentAssets:AccountReceivable -2800 HKD
  type: "Invoice Payment"
  sourceId: "74764199-4387-40e2-a52f-b7e3c3e5d435"
  referenceNo: "806"
  orderId: "98228c00-8500-48d4-84fc-4abda5bd6b4f"
  contact: "852 62056663 (No Name) [9f6cfde4-b4d9-4614-8804-c79fb5fc9b00]"
2025-09-04 * "86 13502891558 () [0855f826-2f3a-4788-bfb1-5f09653c1ad0]" "Bill Payment for Bill #1424 #421ab9b0-c6b7-4971-b15c-b8427c7b0312"
  contact: "86 13502891558 () [0855f826-2f3a-4788-bfb1-5f09653c1ad0]"
  Liabilities:CurrentLiabilities:AccountPayable 12115.5 HKD
  type: "Bill Payment"
  sourceId: "421ab9b0-c6b7-4971-b15c-b8427c7b0312"
  referenceNo: "1424"
  orderId: "4af199da-8c9f-442c-a7b5-cca677750ceb"
  Assets:CurrentAssets:Cash:G17ShopCash -12115.5 HKD
  type: "Bill Payment"
  sourceId: "421ab9b0-c6b7-4971-b15c-b8427c7b0312"
  referenceNo: "1424"
  orderId: "4af199da-8c9f-442c-a7b5-cca677750ceb"
2025-09-06 * "Invoice #807 Stock R24111 / E2132"
  Income:Sales:SalesItem:Sell18kJewelry -9800 HKD
  category: "Jewelry"
  sku: "DD2404260000000000000016"
  qty: 1
  referenceNo: "807"
  orderId: "2c0e2465-9853-40ef-8911-bbe056fe12eb"
  type: "Invoice Item"
  sourceId: "973d735b-31f1-40b9-a41a-c025f53291cb"
  Income:Sales:SalesItem:Sell18kJewelry -8000 HKD
  category: "Jewelry"
  sku: "DDFFFFFF0600000000000022"
  qty: 1
  referenceNo: "807"
  orderId: "2c0e2465-9853-40ef-8911-bbe056fe12eb"
  type: "Invoice Item"
  sourceId: "3e8e023a-a49b-4b2b-bea5-ff29e0e8a56d"
  Assets:CurrentAssets:AccountReceivable
  referenceNo: "807"
  orderId: "2c0e2465-9853-40ef-8911-bbe056fe12eb"
  type: "Invoice"
  sourceId: "2c0e2465-9853-40ef-8911-bbe056fe12eb"
  contact: " 66418901 (No Name) [1bea1d2d-1348-4c6a-be48-3901a82bb0fb]"
2025-09-07 * "Assets:CurrentAssets:Bank:KpayBank" "Invoice Payment for Invoice #807 #0ec3acbd-851a-4eb8-adc3-a4ca6774416d"
  Assets:CurrentAssets:Bank:KpayBank 17800 HKD
  type: "Invoice Payment"
  sourceId: "0ec3acbd-851a-4eb8-adc3-a4ca6774416d"
  referenceNo: "807"
  orderId: "2c0e2465-9853-40ef-8911-bbe056fe12eb"
  Assets:CurrentAssets:AccountReceivable -17800 HKD
  type: "Invoice Payment"
  sourceId: "0ec3acbd-851a-4eb8-adc3-a4ca6774416d"
  referenceNo: "807"
  orderId: "2c0e2465-9853-40ef-8911-bbe056fe12eb"
  contact: " 66418901 (No Name) [1bea1d2d-1348-4c6a-be48-3901a82bb0fb]"
2025-09-11 * "Bill #1450 Shirley上珠寶堂，淘寶買教材用CNY300"
  referenceNo: "1450"
  orderId: "082292c3-091a-4d5a-b11f-37ba0d85c6d0"
  type: "Bill"
  Expenses:OfficeExpenses 330 HKD
  qty: "1"
  description: "Shirley上珠寶堂，淘寶買教材用CNY300"
  referenceNo: "1450"
  orderId: "082292c3-091a-4d5a-b11f-37ba0d85c6d0"
  type: "Bill Item"
  sourceId: "74556f5c-92f1-4487-89db-9fdec6088759"
  Liabilities:CurrentLiabilities:AccountPayable
  referenceNo: "1450"
  orderId: "082292c3-091a-4d5a-b11f-37ba0d85c6d0"
  type: "Bill"
  sourceId: "082292c3-091a-4d5a-b11f-37ba0d85c6d0"
  contact: "880 806 () [53b8789a-4451-4a1f-84f7-a9c5da7ada1a]"
2025-09-11 * "880 806 () [53b8789a-4451-4a1f-84f7-a9c5da7ada1a]" "Bill Payment for Bill #1450 #e8625073-ee69-4902-aa33-05f234015f47"
  contact: "880 806 () [53b8789a-4451-4a1f-84f7-a9c5da7ada1a]"
  Liabilities:CurrentLiabilities:AccountPayable 330 HKD
  type: "Bill Payment"
  sourceId: "e8625073-ee69-4902-aa33-05f234015f47"
  referenceNo: "1450"
  orderId: "082292c3-091a-4d5a-b11f-37ba0d85c6d0"
  Assets:CurrentAssets:Cash:CashInHand -330 HKD
  type: "Bill Payment"
  sourceId: "e8625073-ee69-4902-aa33-05f234015f47"
  referenceNo: "1450"
  orderId: "082292c3-091a-4d5a-b11f-37ba0d85c6d0"
2025-09-11 * "Invoice #808 Stock BR2514 #15 "
  Income:Sales:SalesItem:Sell18kJewelry -4500 HKD
  category: "Jewelry"
  sku: "DD2025062000000003"
  qty: 1
  referenceNo: "808"
  orderId: "00eda61a-820a-4491-b9d1-884df0131b7c"
  type: "Invoice Item"
  sourceId: "d670f274-5157-425c-836b-11f63132fa8e"
  Assets:CurrentAssets:AccountReceivable
  referenceNo: "808"
  orderId: "00eda61a-820a-4491-b9d1-884df0131b7c"
  type: "Invoice"
  sourceId: "00eda61a-820a-4491-b9d1-884df0131b7c"
  contact: "852 98789989 (No Name) [bfffed28-8563-4426-ba26-3b23f212fce3]"
2025-09-11 * "Assets:CurrentAssets:Bank:BocSavingBank" "Invoice Payment for Invoice #808 #f0ea60ad-71db-4de2-a0fb-f76cec7b9f5a"
  Assets:CurrentAssets:Bank:BocSavingBank 1100 HKD
  type: "Invoice Payment"
  sourceId: "f0ea60ad-71db-4de2-a0fb-f76cec7b9f5a"
  referenceNo: "808"
  orderId: "00eda61a-820a-4491-b9d1-884df0131b7c"
  Assets:CurrentAssets:AccountReceivable -1100 HKD
  type: "Invoice Payment"
  sourceId: "f0ea60ad-71db-4de2-a0fb-f76cec7b9f5a"
  referenceNo: "808"
  orderId: "00eda61a-820a-4491-b9d1-884df0131b7c"
  contact: "852 98789989 (No Name) [bfffed28-8563-4426-ba26-3b23f212fce3]"
2025-09-11 * "Assets:CurrentAssets:Bank:BocSavingBank" "Invoice Payment for Invoice #808 #3a558da0-edf7-4401-87ad-d241698f4069"
  Assets:CurrentAssets:Bank:BocSavingBank 3400 HKD
  type: "Invoice Payment"
  sourceId: "3a558da0-edf7-4401-87ad-d241698f4069"
  referenceNo: "808"
  orderId: "00eda61a-820a-4491-b9d1-884df0131b7c"
  Assets:CurrentAssets:AccountReceivable -3400 HKD
  type: "Invoice Payment"
  sourceId: "3a558da0-edf7-4401-87ad-d241698f4069"
  referenceNo: "808"
  orderId: "00eda61a-820a-4491-b9d1-884df0131b7c"
  contact: "852 98789989 (No Name) [bfffed28-8563-4426-ba26-3b23f212fce3]"
2025-09-11 * "Bill #1427 嚴丹鳳代鑲石 合併"
  referenceNo: "1427"
  orderId: "053808c1-79a0-48ad-921e-16ac1c201d15"
  type: "Bill"
  Expenses:CostOfSales:Purchase:PurchaseItem:Buy18kJewelry 2311 HKD
  category: "Jewelry"
  sku: "DD20250911003"
  qty: 1
  referenceNo: "1427"
  orderId: "053808c1-79a0-48ad-921e-16ac1c201d15"
  type: "Bill Item"
  sourceId: "bd1cf8c4-50b7-4d8f-9657-eef3ac8e7903"
  Expenses:CostOfSales:Purchase:PurchaseItem:Buy18kJewelry 2428 HKD
  category: "Jewelry"
  sku: "DD20250911001"
  qty: 1
  referenceNo: "1427"
  orderId: "053808c1-79a0-48ad-921e-16ac1c201d15"
  type: "Bill Item"
  sourceId: "a4c34947-9461-4b51-a4e8-96d9c00fb89c"
  Expenses:CostOfSales:Purchase:PurchaseItem:Buy18kJewelry 1823 HKD
  category: "Jewelry"
  sku: "DD20250911002"
  qty: 1
  referenceNo: "1427"
  orderId: "053808c1-79a0-48ad-921e-16ac1c201d15"
  type: "Bill Item"
  sourceId: "60b79887-2523-47cc-98fa-d5060d2bd2a1"
  Liabilities:CurrentLiabilities:AccountPayable
  referenceNo: "1427"
  orderId: "053808c1-79a0-48ad-921e-16ac1c201d15"
  type: "Bill"
  sourceId: "053808c1-79a0-48ad-921e-16ac1c201d15"
  contact: "86 13502891558 () [0855f826-2f3a-4788-bfb1-5f09653c1ad0]"
2025-09-11 * "852 96381990 (No Name) [c332a82a-edbe-49b6-a256-378a44155220]" "Bill Payment for Bill #1415 #dca03046-51f0-475d-a05a-ec301c0219b7"
  contact: "852 96381990 (No Name) [c332a82a-edbe-49b6-a256-378a44155220]"
  Liabilities:CurrentLiabilities:AccountPayable 7000 HKD
  type: "Bill Payment"
  sourceId: "dca03046-51f0-475d-a05a-ec301c0219b7"
  referenceNo: "1415"
  orderId: "0cae8869-f118-46cc-873c-c74e3e341f34"
  Assets:CurrentAssets:Cash:G17ShopCash -7000 HKD
  type: "Bill Payment"
  sourceId: "dca03046-51f0-475d-a05a-ec301c0219b7"
  referenceNo: "1415"
  orderId: "0cae8869-f118-46cc-873c-c74e3e341f34"
2025-09-11 * "Invoice #811 Stock N24138"
  Income:Sales:SalesItem:Sell18kJewelry -3500 HKD
  category: "Jewelry"
  sku: "DD2024080700000007"
  qty: 1
  referenceNo: "811"
  orderId: "76172fa4-f091-445f-b23b-75c379e4c6aa"
  type: "Invoice Item"
  sourceId: "8edfc214-eaac-4b52-80ba-a8c3cb90f71a"
  Assets:CurrentAssets:AccountReceivable
  referenceNo: "811"
  orderId: "76172fa4-f091-445f-b23b-75c379e4c6aa"
  type: "Invoice"
  sourceId: "76172fa4-f091-445f-b23b-75c379e4c6aa"
  contact: "852 55962535 (No Name) [bee17943-55c1-4718-8978-881d41712d37]"
2025-09-11 * "86 13502891558 () [0855f826-2f3a-4788-bfb1-5f09653c1ad0]" "Bill Payment for Bill #1427 #e2631d90-c0ea-4b96-a299-67285e82e584"
  contact: "86 13502891558 () [0855f826-2f3a-4788-bfb1-5f09653c1ad0]"
  Liabilities:CurrentLiabilities:AccountPayable 6562 HKD
  type: "Bill Payment"
  sourceId: "e2631d90-c0ea-4b96-a299-67285e82e584"
  referenceNo: "1427"
  orderId: "053808c1-79a0-48ad-921e-16ac1c201d15"
  Assets:CurrentAssets:Cash:G17ShopCash -6562 HKD
  type: "Bill Payment"
  sourceId: "e2631d90-c0ea-4b96-a299-67285e82e584"
  referenceNo: "1427"
  orderId: "053808c1-79a0-48ad-921e-16ac1c201d15"
2025-09-13 * "Invoice #810 Stock BR2557 改#13"
  Income:Sales:SalesItem:Sell18kJewelry -4100 HKD
  category: "Jewelry"
  sku: "DD20250904003"
  qty: 1
  referenceNo: "810"
  orderId: "62c722cf-0122-4655-b963-813c1289ae3e"
  type: "Invoice Item"
  sourceId: "bcf5b04d-2c35-4aaf-b8de-aa4dd451f56f"
  Assets:CurrentAssets:AccountReceivable
  referenceNo: "810"
  orderId: "62c722cf-0122-4655-b963-813c1289ae3e"
  type: "Invoice"
  sourceId: "62c722cf-0122-4655-b963-813c1289ae3e"
  contact: "852 92842176 (No Name) [0d1a48f2-a076-415e-ac77-30ad77c1d8cf]"
2025-09-13 * "Assets:CurrentAssets:Bank:KpayBank" "Invoice Payment for Invoice #810 #32bdc10d-d55c-46e9-bbcf-6658de399427"
  Assets:CurrentAssets:Bank:KpayBank 4100 HKD
  type: "Invoice Payment"
  sourceId: "32bdc10d-d55c-46e9-bbcf-6658de399427"
  referenceNo: "810"
  orderId: "62c722cf-0122-4655-b963-813c1289ae3e"
  Assets:CurrentAssets:AccountReceivable -4100 HKD
  type: "Invoice Payment"
  sourceId: "32bdc10d-d55c-46e9-bbcf-6658de399427"
  referenceNo: "810"
  orderId: "62c722cf-0122-4655-b963-813c1289ae3e"
  contact: "852 92842176 (No Name) [0d1a48f2-a076-415e-ac77-30ad77c1d8cf]"
2025-09-14 * "Assets:CurrentAssets:Bank:KpayBank" "Invoice Payment for Invoice #811 #2fce3750-5161-496f-8b4a-425f3cf1cde3"
  Assets:CurrentAssets:Bank:KpayBank 3500 HKD
  type: "Invoice Payment"
  sourceId: "2fce3750-5161-496f-8b4a-425f3cf1cde3"
  referenceNo: "811"
  orderId: "76172fa4-f091-445f-b23b-75c379e4c6aa"
  Assets:CurrentAssets:AccountReceivable -3500 HKD
  type: "Invoice Payment"
  sourceId: "2fce3750-5161-496f-8b4a-425f3cf1cde3"
  referenceNo: "811"
  orderId: "76172fa4-f091-445f-b23b-75c379e4c6aa"
  contact: "852 55962535 (No Name) [bee17943-55c1-4718-8978-881d41712d37]"
2025-09-15 * "Bill #1451 G17電費(2025-08月)"
  referenceNo: "1451"
  orderId: "c9bd545d-784f-405c-bfae-7a8e3ce7a9d4"
  type: "Bill"
  Expenses:GeneralExpense:ElectricityLightHeating 1870 HKD
  qty: "1"
  description: "G17電費(2025-08月)"
  referenceNo: "1451"
  orderId: "c9bd545d-784f-405c-bfae-7a8e3ce7a9d4"
  type: "Bill Item"
  sourceId: "2a32be49-efb9-439e-9219-d9ff5d0c0655"
  Liabilities:CurrentLiabilities:AccountPayable
  referenceNo: "1451"
  orderId: "c9bd545d-784f-405c-bfae-7a8e3ce7a9d4"
  type: "Bill"
  sourceId: "c9bd545d-784f-405c-bfae-7a8e3ce7a9d4"
  contact: "880 806 () [53b8789a-4451-4a1f-84f7-a9c5da7ada1a]"
2025-09-15 * "880 806 () [53b8789a-4451-4a1f-84f7-a9c5da7ada1a]" "Bill Payment for Bill #1451 #2813d41e-d46e-4686-985c-54ad8c999619"
  contact: "880 806 () [53b8789a-4451-4a1f-84f7-a9c5da7ada1a]"
  Liabilities:CurrentLiabilities:AccountPayable 1870 HKD
  type: "Bill Payment"
  sourceId: "2813d41e-d46e-4686-985c-54ad8c999619"
  referenceNo: "1451"
  orderId: "c9bd545d-784f-405c-bfae-7a8e3ce7a9d4"
  Assets:CurrentAssets:Cash:CashInHand -1870 HKD
  type: "Bill Payment"
  sourceId: "2813d41e-d46e-4686-985c-54ad8c999619"
  referenceNo: "1451"
  orderId: "c9bd545d-784f-405c-bfae-7a8e3ce7a9d4"
2025-09-15 * "Bill #1437 ref inv #813 R24131 換石"
  referenceNo: "1437"
  orderId: "0f07fbf1-9e41-439e-a08d-0c0ed9445cde"
  type: "Bill"
  Expenses:CostOfSales:Purchase:PurchaseItem:BuyCost-ProcessingFee 150 HKD
  category: "Other"
  sku: "Processing 041"
  qty: 1
  referenceNo: "1437"
  orderId: "0f07fbf1-9e41-439e-a08d-0c0ed9445cde"
  type: "Bill Item"
  sourceId: "640015be-1fdd-4120-b121-686bec2d1d73"
  Liabilities:CurrentLiabilities:AccountPayable
  referenceNo: "1437"
  orderId: "0f07fbf1-9e41-439e-a08d-0c0ed9445cde"
  type: "Bill"
  sourceId: "0f07fbf1-9e41-439e-a08d-0c0ed9445cde"
  contact: "852 96221974 (強哥 首飾加工師傅) [cef6a8eb-0892-4a7c-bfdc-328752af4fd5]"
2025-09-16 * "Invoice #813 Order R24131 #12"
  Income:Sales:SalesItem:Sell18kJewelry -2800 HKD
  description: "Order R24131 #12"
  qty: 1
  referenceNo: "813"
  orderId: "6ce842ee-f118-4b52-bf10-2d079f86b4d4"
  type: "Invoice Item"
  sourceId: "86a2e196-c4c4-4a42-98fd-1d15216d7b64"
  Assets:CurrentAssets:AccountReceivable
  referenceNo: "813"
  orderId: "6ce842ee-f118-4b52-bf10-2d079f86b4d4"
  type: "Invoice"
  sourceId: "6ce842ee-f118-4b52-bf10-2d079f86b4d4"
  contact: "852 98566810 (No Name) [ec0a7665-ea08-47ba-8523-aaa2f23b52d6]"
2025-09-16 * "Invoice #814 Stock SAP2554-10"
  Income:Sales:SalesItem:SellGems -1000 HKD
  category: "Gem"
  sku: "SAP2554-10"
  qty: 1
  referenceNo: "814"
  orderId: "d576a813-e506-469f-8247-a24f08b81ae4"
  type: "Invoice Item"
  sourceId: "8eb6244f-4845-462d-a093-c7763a863b6d"
  Assets:CurrentAssets:AccountReceivable
  referenceNo: "814"
  orderId: "d576a813-e506-469f-8247-a24f08b81ae4"
  type: "Invoice"
  sourceId: "d576a813-e506-469f-8247-a24f08b81ae4"
  contact: "852 91915677 (No Name) [0259071d-c326-4d14-b1d7-693bcfd6bf04]"
2025-09-16 * "Bill #1433 ERIC~補貨/客訂"
  referenceNo: "1433"
  orderId: "bd4bbb23-45d0-4e56-ae03-edef5b998bfd"
  type: "Bill"
  Expenses:CostOfSales:Purchase:PurchaseItem:Buy18kJewelry 1994 CNY
  category: "Jewelry"
  sku: "DD20250912001"
  qty: 1
  referenceNo: "1433"
  orderId: "bd4bbb23-45d0-4e56-ae03-edef5b998bfd"
  type: "Bill Item"
  sourceId: "0c440cc5-d2aa-4a96-a4ad-640ec1bc97f5"
  Liabilities:CurrentLiabilities:AccountPayable
  referenceNo: "1433"
  orderId: "bd4bbb23-45d0-4e56-ae03-edef5b998bfd"
  type: "Bill"
  sourceId: "bd4bbb23-45d0-4e56-ae03-edef5b998bfd"
  contact: "86 97978678 (ERIC) [cb2cbf18-d8c3-40eb-a388-d7234ea70615]"
2025-09-16 * "Bill #1434 inv#799 bill#1433 R24131換石改字印"
  referenceNo: "1434"
  orderId: "5ea405b9-fa94-471d-85d6-2ce193d98742"
  type: "Bill"
  Expenses:CostOfSales:Purchase:PurchaseItem:BuyCost-ProcessingFee 300 HKD
  category: "Other"
  sku: "Processing 042"
  qty: 1
  referenceNo: "1434"
  orderId: "5ea405b9-fa94-471d-85d6-2ce193d98742"
  type: "Bill Item"
  sourceId: "0f056053-e913-4d70-843e-90cf48659c6c"
  Liabilities:CurrentLiabilities:AccountPayable
  referenceNo: "1434"
  orderId: "5ea405b9-fa94-471d-85d6-2ce193d98742"
  type: "Bill"
  sourceId: "5ea405b9-fa94-471d-85d6-2ce193d98742"
  contact: "852 96221974 (強哥 首飾加工師傅) [cef6a8eb-0892-4a7c-bfdc-328752af4fd5]"
2025-09-16 * "852 96221974 (強哥 首飾加工師傅) [cef6a8eb-0892-4a7c-bfdc-328752af4fd5]" "Bill Payment for Bill #1434 #4f5a4ab6-27ea-4f85-a8fb-a0f4b9a832bb"
  contact: "852 96221974 (強哥 首飾加工師傅) [cef6a8eb-0892-4a7c-bfdc-328752af4fd5]"
  Liabilities:CurrentLiabilities:AccountPayable 300 HKD
  type: "Bill Payment"
  sourceId: "4f5a4ab6-27ea-4f85-a8fb-a0f4b9a832bb"
  referenceNo: "1434"
  orderId: "5ea405b9-fa94-471d-85d6-2ce193d98742"
  Assets:CurrentAssets:Cash:G17ShopCash -300 HKD
  type: "Bill Payment"
  sourceId: "4f5a4ab6-27ea-4f85-a8fb-a0f4b9a832bb"
  referenceNo: "1434"
  orderId: "5ea405b9-fa94-471d-85d6-2ce193d98742"
2025-09-16 * "Assets:CurrentAssets:Bank:KpayBank" "Invoice Payment for Invoice #813 #4db4071e-435b-40d7-b289-437fc37d4209"
  Assets:CurrentAssets:Bank:KpayBank 1400 HKD
  type: "Invoice Payment"
  sourceId: "4db4071e-435b-40d7-b289-437fc37d4209"
  referenceNo: "813"
  orderId: "6ce842ee-f118-4b52-bf10-2d079f86b4d4"
  Assets:CurrentAssets:AccountReceivable -1400 HKD
  type: "Invoice Payment"
  sourceId: "4db4071e-435b-40d7-b289-437fc37d4209"
  referenceNo: "813"
  orderId: "6ce842ee-f118-4b52-bf10-2d079f86b4d4"
  contact: "852 98566810 (No Name) [ec0a7665-ea08-47ba-8523-aaa2f23b52d6]"
2025-09-16 * "Assets:CurrentAssets:Bank:KpayBank" "Invoice Payment for Invoice #814 #52fd2c74-4b13-42c8-8111-e28ff85993bc"
  Assets:CurrentAssets:Bank:KpayBank 1000 HKD
  type: "Invoice Payment"
  sourceId: "52fd2c74-4b13-42c8-8111-e28ff85993bc"
  referenceNo: "814"
  orderId: "d576a813-e506-469f-8247-a24f08b81ae4"
  Assets:CurrentAssets:AccountReceivable -1000 HKD
  type: "Invoice Payment"
  sourceId: "52fd2c74-4b13-42c8-8111-e28ff85993bc"
  referenceNo: "814"
  orderId: "d576a813-e506-469f-8247-a24f08b81ae4"
  contact: "852 91915677 (No Name) [0259071d-c326-4d14-b1d7-693bcfd6bf04]"
2025-09-17 * "Assets:CurrentAssets:Bank:KpayBank" "Invoice Payment for Invoice #799 #28891215-6559-48ea-aef6-ca0e525f29fe"
  Assets:CurrentAssets:Bank:KpayBank 1400 HKD
  type: "Invoice Payment"
  sourceId: "28891215-6559-48ea-aef6-ca0e525f29fe"
  referenceNo: "799"
  orderId: "b633ef29-1d95-4520-bb6a-1e283c5f1ddd"
  Assets:CurrentAssets:AccountReceivable -1400 HKD
  type: "Invoice Payment"
  sourceId: "28891215-6559-48ea-aef6-ca0e525f29fe"
  referenceNo: "799"
  orderId: "b633ef29-1d95-4520-bb6a-1e283c5f1ddd"
  contact: "852 94918662 (No Name) [4cdc7637-8d38-40af-ad49-518d3e8fde61]"
2025-09-17 * "86 97978678 (ERIC) [cb2cbf18-d8c3-40eb-a388-d7234ea70615]" "Bill Payment for Bill #1433 #613d58bc-217c-41b9-a8ed-350d8ba7952b"
  contact: "86 97978678 (ERIC) [cb2cbf18-d8c3-40eb-a388-d7234ea70615]"
  Liabilities:CurrentLiabilities:AccountPayable 1994 CNY
  type: "Bill Payment"
  sourceId: "613d58bc-217c-41b9-a8ed-350d8ba7952b"
  referenceNo: "1433"
  orderId: "bd4bbb23-45d0-4e56-ae03-edef5b998bfd"
  Assets:CurrentAssets:TradeDeposit:TradeDeposit-Eric -1994 CNY
  type: "Bill Payment"
  sourceId: "613d58bc-217c-41b9-a8ed-350d8ba7952b"
  referenceNo: "1433"
  orderId: "bd4bbb23-45d0-4e56-ae03-edef5b998bfd"
2025-09-17 * "Invoice #815 Order R24125 #13"
  Income:Sales:SalesItem:Sell18kJewelry -2800 HKD
  category: "Jewelry"
  sku: "DD20250930001"
  qty: 1
  referenceNo: "815"
  orderId: "0f0025da-bc27-430f-8278-c9c378bf01e1"
  type: "Invoice Item"
  sourceId: "39cb82bb-30eb-4e2c-b814-e4e337323242"
  Assets:CurrentAssets:AccountReceivable
  referenceNo: "815"
  orderId: "0f0025da-bc27-430f-8278-c9c378bf01e1"
  type: "Invoice"
  sourceId: "0f0025da-bc27-430f-8278-c9c378bf01e1"
  contact: "852 94918662 (No Name) [4cdc7637-8d38-40af-ad49-518d3e8fde61]"
2025-09-17 * "Assets:CurrentAssets:Bank:BocSavingBank" "Invoice Payment for Invoice #815 #4be83669-6f8d-466e-b5f7-e756f46280aa"
  Assets:CurrentAssets:Bank:BocSavingBank 1400 HKD
  type: "Invoice Payment"
  sourceId: "4be83669-6f8d-466e-b5f7-e756f46280aa"
  referenceNo: "815"
  orderId: "0f0025da-bc27-430f-8278-c9c378bf01e1"
  Assets:CurrentAssets:AccountReceivable -1400 HKD
  type: "Invoice Payment"
  sourceId: "4be83669-6f8d-466e-b5f7-e756f46280aa"
  referenceNo: "815"
  orderId: "0f0025da-bc27-430f-8278-c9c378bf01e1"
  contact: "852 94918662 (No Name) [4cdc7637-8d38-40af-ad49-518d3e8fde61]"
2025-09-18 * "852 96221974 (強哥 首飾加工師傅) [cef6a8eb-0892-4a7c-bfdc-328752af4fd5]" "Bill Payment for Bill #1437 #750bc0dc-adf3-4fba-9f93-b0b042eba050"
  contact: "852 96221974 (強哥 首飾加工師傅) [cef6a8eb-0892-4a7c-bfdc-328752af4fd5]"
  Liabilities:CurrentLiabilities:AccountPayable 150 HKD
  type: "Bill Payment"
  sourceId: "750bc0dc-adf3-4fba-9f93-b0b042eba050"
  referenceNo: "1437"
  orderId: "0f07fbf1-9e41-439e-a08d-0c0ed9445cde"
  Assets:CurrentAssets:Cash:G17ShopCash -150 HKD
  type: "Bill Payment"
  sourceId: "750bc0dc-adf3-4fba-9f93-b0b042eba050"
  referenceNo: "1437"
  orderId: "0f07fbf1-9e41-439e-a08d-0c0ed9445cde"
2025-09-18 * "Invoice #816 ref inv #813 bill #1437 R24131 換石"
  Income:Sales:SalesItem:Sell-ForProcess交外廠加工 -0 HKD
  category: "Other"
  sku: "Processing 041"
  qty: 1
  referenceNo: "816"
  orderId: "35b5f1f0-7909-48d6-8b8c-be43bf660107"
  type: "Invoice Item"
  sourceId: "c4712aa1-4572-4b17-a76f-87929dbbd04e"
  Assets:CurrentAssets:AccountReceivable
  referenceNo: "816"
  orderId: "35b5f1f0-7909-48d6-8b8c-be43bf660107"
  type: "Invoice"
  sourceId: "35b5f1f0-7909-48d6-8b8c-be43bf660107"
  contact: "852 98566810 (No Name) [ec0a7665-ea08-47ba-8523-aaa2f23b52d6]"
2025-09-18 * "Invoice #817 inv#799 bill#1433 R24131換石改字印"
  Income:Sales:SalesItem:Sell-ForProcess交外廠加工 -0 HKD
  category: "Other"
  sku: "Processing 042"
  qty: 1
  referenceNo: "817"
  orderId: "528d3ac6-daff-44e4-8181-7b2f162806b5"
  type: "Invoice Item"
  sourceId: "5ceaea57-787b-4539-9acb-645b24c9e7ed"
  Assets:CurrentAssets:AccountReceivable
  referenceNo: "817"
  orderId: "528d3ac6-daff-44e4-8181-7b2f162806b5"
  type: "Invoice"
  sourceId: "528d3ac6-daff-44e4-8181-7b2f162806b5"
  contact: "852 94918662 (No Name) [4cdc7637-8d38-40af-ad49-518d3e8fde61]"
2025-09-22 * "Bill #1438 嚴丹鳳代鑲石 合併"
  referenceNo: "1438"
  orderId: "b2fd9836-f0da-4914-9b7f-47688a4e79ed"
  type: "Bill"
  Expenses:CostOfSales:Purchase:PurchaseItem:Buy18kJewelry 2604 HKD
  category: "Jewelry"
  sku: "DD20250922001"
  qty: 1
  referenceNo: "1438"
  orderId: "b2fd9836-f0da-4914-9b7f-47688a4e79ed"
  type: "Bill Item"
  sourceId: "ea45252c-acf5-4927-917e-d43874839f8e"
  Expenses:CostOfSales:Purchase:PurchaseItem:Buy18kJewelry 2428 HKD
  category: "Jewelry"
  sku: "DD20250922002"
  qty: 1
  referenceNo: "1438"
  orderId: "b2fd9836-f0da-4914-9b7f-47688a4e79ed"
  type: "Bill Item"
  sourceId: "8ead87ff-c759-4e45-8155-f11079fc3a87"
  Assets:CurrentAssets:ShopInventory:Jewelry 1073 HKD
  category: "Jewelry"
  sku: "DD20250922003"
  qty: 1
  referenceNo: "1438"
  orderId: "b2fd9836-f0da-4914-9b7f-47688a4e79ed"
  type: "Bill Item"
  sourceId: "10d77981-31a1-47c5-aec0-f8a4c5393a68"
  Assets:CurrentAssets:ShopInventory:Gemstones -256 HKD
  category: "Gem"
  sku: "SAP2553-3"
  qty: -1
  referenceNo: "1438"
  orderId: "b2fd9836-f0da-4914-9b7f-47688a4e79ed"
  type: "Bill Item"
  sourceId: "588604cb-69e7-48c9-9d91-53bb54698da0"
  Expenses:CostOfSales:Purchase:PurchaseItem:Buy18kJewelry 817 HKD
  qty: "1"
  description: "做貨 BP2501 $817+ (SAP2553-3) $256 = $1073"
  referenceNo: "1438"
  orderId: "b2fd9836-f0da-4914-9b7f-47688a4e79ed"
  type: "Bill Item"
  sourceId: "554a0867-fadc-403d-9479-a45ad16d6e7a"
  Assets:CurrentAssets:ShopInventory:Jewelry -817 HKD
  qty: "-1"
  description: "做貨 BP2501 $856 + (SAP2553-3) $256 = $1112"
  referenceNo: "1438"
  orderId: "b2fd9836-f0da-4914-9b7f-47688a4e79ed"
  type: "Bill Item"
  sourceId: "fdd3dacf-47c8-4f8e-9de9-d294fd3afc81"
  Assets:CurrentAssets:ShopInventory:Jewelry 1225 HKD
  category: "Jewelry"
  sku: "DD20250922004"
  qty: 1
  referenceNo: "1438"
  orderId: "b2fd9836-f0da-4914-9b7f-47688a4e79ed"
  type: "Bill Item"
  sourceId: "ab9aa0bf-7959-4231-962f-d04f648b75c8"
  Assets:CurrentAssets:ShopInventory:Gemstones -341 HKD
  category: "Gem"
  sku: "SAP2554-6"
  qty: -1
  referenceNo: "1438"
  orderId: "b2fd9836-f0da-4914-9b7f-47688a4e79ed"
  type: "Bill Item"
  sourceId: "ea54de1f-3784-4583-bab3-5e07e5b05d56"
  Expenses:CostOfSales:Purchase:PurchaseItem:Buy18kJewelry 884 HKD
  qty: "1"
  description: "做貨 BP2502 $884 + (SAP2554-6) $341 = $1225"
  referenceNo: "1438"
  orderId: "b2fd9836-f0da-4914-9b7f-47688a4e79ed"
  type: "Bill Item"
  sourceId: "128df2e5-3502-4151-94df-157800d8f91d"
  Assets:CurrentAssets:ShopInventory:Jewelry -884 HKD
  qty: "-1"
  description: "做貨 BP2502 $884 + (SAP2554-6) $341 = $1225"
  referenceNo: "1438"
  orderId: "b2fd9836-f0da-4914-9b7f-47688a4e79ed"
  type: "Bill Item"
  sourceId: "f861da6b-1cb2-4c85-a551-b47facbf2324"
  Assets:CurrentAssets:ShopInventory:Jewelry 1281 HKD
  category: "Jewelry"
  sku: "DD20250922005"
  qty: 1
  referenceNo: "1438"
  orderId: "b2fd9836-f0da-4914-9b7f-47688a4e79ed"
  type: "Bill Item"
  sourceId: "41f82c79-4cc8-457d-a0ea-d60a65c0ea09"
  Assets:CurrentAssets:ShopInventory:Gemstones -361 HKD
  category: "Gem"
  sku: "SAP2554-15"
  qty: -1
  referenceNo: "1438"
  orderId: "b2fd9836-f0da-4914-9b7f-47688a4e79ed"
  type: "Bill Item"
  sourceId: "af672725-f2a6-4e39-94b8-a3ff47bf3649"
  Expenses:CostOfSales:Purchase:PurchaseItem:Buy18kJewelry 920 HKD
  qty: "1"
  description: "做貨 BP2503 $920 + (SAP2554-15) $361= $1281"
  referenceNo: "1438"
  orderId: "b2fd9836-f0da-4914-9b7f-47688a4e79ed"
  type: "Bill Item"
  sourceId: "c42be52f-4f70-4f24-a099-95ae292b16d3"
  Assets:CurrentAssets:ShopInventory:Jewelry -920 HKD
  qty: "-1"
  description: "做貨 BP2503 $920 + (SAP2554-15) $361= $1281"
  referenceNo: "1438"
  orderId: "b2fd9836-f0da-4914-9b7f-47688a4e79ed"
  type: "Bill Item"
  sourceId: "b0fd66d9-9eb7-47c2-8db6-9eaefba244f6"
  Assets:CurrentAssets:ShopInventory:Jewelry 2758 HKD
  category: "Jewelry"
  sku: "DD20250922006"
  qty: 1
  referenceNo: "1438"
  orderId: "b2fd9836-f0da-4914-9b7f-47688a4e79ed"
  type: "Bill Item"
  sourceId: "effa6240-3999-4105-855c-c13a01c2aaa9"
  Assets:CurrentAssets:ShopInventory:Gemstones -624 HKD
  category: "Gem"
  sku: "SAP2549-1"
  qty: -1
  referenceNo: "1438"
  orderId: "b2fd9836-f0da-4914-9b7f-47688a4e79ed"
  type: "Bill Item"
  sourceId: "37caf23f-ee48-4303-9a62-9f6c7ce1d6f1"
  Expenses:CostOfSales:Purchase:PurchaseItem:Buy18kJewelry 2134 HKD
  qty: "1"
  description: "做貨 BN2531 $1426 + (SAP2549-1) $624 + (Chain) $708 = $2758"
  referenceNo: "1438"
  orderId: "b2fd9836-f0da-4914-9b7f-47688a4e79ed"
  type: "Bill Item"
  sourceId: "abd0788d-ca4d-4900-b656-91751d59b080"
  Assets:CurrentAssets:ShopInventory:Jewelry -2134 HKD
  qty: "-1"
  description: "做貨 BN2531 $1426 + (SAP2549-1) $624 + (Chain) $708 = $2758"
  referenceNo: "1438"
  orderId: "b2fd9836-f0da-4914-9b7f-47688a4e79ed"
  type: "Bill Item"
  sourceId: "ace39592-2ed8-4168-a2f9-b7c4f0525270"
  Assets:CurrentAssets:ShopInventory:Jewelry 1683 HKD
  category: "Jewelry"
  sku: "DD20250922007"
  qty: 1
  referenceNo: "1438"
  orderId: "b2fd9836-f0da-4914-9b7f-47688a4e79ed"
  type: "Bill Item"
  sourceId: "189b5210-a398-4fd3-8f66-1f5169f886d8"
  Assets:CurrentAssets:ShopInventory:Gemstones -742 HKD
  category: "Gem"
  sku: "SAP2551-3"
  qty: -1
  referenceNo: "1438"
  orderId: "b2fd9836-f0da-4914-9b7f-47688a4e79ed"
  type: "Bill Item"
  sourceId: "6b222ce0-0082-4560-8758-b93c490c778c"
  Expenses:CostOfSales:Purchase:PurchaseItem:Buy18kJewelry 941 HKD
  qty: "1"
  description: "做貨 BN2530 $941 + (SAP2551-3) $742  = $1683"
  referenceNo: "1438"
  orderId: "b2fd9836-f0da-4914-9b7f-47688a4e79ed"
  type: "Bill Item"
  sourceId: "793d574a-6980-46b3-b29e-590ac2239104"
  Assets:CurrentAssets:ShopInventory:Jewelry -941 HKD
  qty: "-1"
  description: "做貨 BN2530 $941 + (SAP2551-3) $742  = $1683"
  referenceNo: "1438"
  orderId: "b2fd9836-f0da-4914-9b7f-47688a4e79ed"
  type: "Bill Item"
  sourceId: "5917552a-655d-4259-b359-87c4b3fd3e2d"
  Assets:CurrentAssets:ShopInventory:Jewelry 1323 HKD
  category: "Jewelry"
  sku: "DD20250922008"
  qty: 1
  referenceNo: "1438"
  orderId: "b2fd9836-f0da-4914-9b7f-47688a4e79ed"
  type: "Bill Item"
  sourceId: "6731c86d-9196-4001-a978-66d2f4118338"
  Assets:CurrentAssets:ShopInventory:Gemstones -362 HKD
  category: "Gem"
  sku: "SAP2556-3"
  qty: -1
  referenceNo: "1438"
  orderId: "b2fd9836-f0da-4914-9b7f-47688a4e79ed"
  type: "Bill Item"
  sourceId: "387ee797-fb69-453b-8f54-c1e9091fda55"
  Expenses:CostOfSales:Purchase:PurchaseItem:Buy18kJewelry 961 HKD
  qty: "1"
  description: "做貨 BP2504 $961 + (SAP2556-3) $362 = $1323"
  referenceNo: "1438"
  orderId: "b2fd9836-f0da-4914-9b7f-47688a4e79ed"
  type: "Bill Item"
  sourceId: "2e58eec6-4060-4a3c-9ce1-2855ba5e5c12"
  Assets:CurrentAssets:ShopInventory:Jewelry -961 HKD
  qty: "-1"
  description: "做貨 BP2504 $961 + (SAP2556-3) $362 = $1323"
  referenceNo: "1438"
  orderId: "b2fd9836-f0da-4914-9b7f-47688a4e79ed"
  type: "Bill Item"
  sourceId: "f2b4e1fe-8faf-4706-80b7-ae2d35b6bd25"
  Assets:CurrentAssets:ShopInventory:Jewelry 2201 HKD
  category: "Jewelry"
  sku: "DD20250922009"
  qty: 1
  referenceNo: "1438"
  orderId: "b2fd9836-f0da-4914-9b7f-47688a4e79ed"
  type: "Bill Item"
  sourceId: "ba747b90-a0df-41c4-b56e-f1a8dc190c3a"
  Assets:CurrentAssets:ShopInventory:Gemstones -546 HKD
  category: "Gem"
  sku: "SAP2546"
  qty: -1
  referenceNo: "1438"
  orderId: "b2fd9836-f0da-4914-9b7f-47688a4e79ed"
  type: "Bill Item"
  sourceId: "c4a8c0b8-934b-472c-a9ac-662d4bddaa7b"
  Expenses:CostOfSales:Purchase:PurchaseItem:Buy18kJewelry 1655 HKD
  qty: "1"
  description: "做貨 BN2532 $947 + (SAP2546) $546 + (Chain) $708 = $2201"
  referenceNo: "1438"
  orderId: "b2fd9836-f0da-4914-9b7f-47688a4e79ed"
  type: "Bill Item"
  sourceId: "89448e41-653e-4c46-918a-42edb912a727"
  Assets:CurrentAssets:ShopInventory:Jewelry -1655 HKD
  qty: "-1"
  description: "做貨 BN2532 $947 + (SAP2546) $546 + (Chain) $708 = $2201"
  referenceNo: "1438"
  orderId: "b2fd9836-f0da-4914-9b7f-47688a4e79ed"
  type: "Bill Item"
  sourceId: "808bcbc3-69e8-4a2c-a1f0-cf94e370e090"
  Assets:CurrentAssets:ShopInventory:Jewelry 1404 HKD
  category: "Jewelry"
  sku: "DD20250922010"
  qty: 1
  referenceNo: "1438"
  orderId: "b2fd9836-f0da-4914-9b7f-47688a4e79ed"
  type: "Bill Item"
  sourceId: "d1b0889e-d7d2-41f1-afa1-d83b7c766582"
  Assets:CurrentAssets:ShopInventory:Gemstones -286 HKD
  category: "Gem"
  sku: "SAP2553-5"
  qty: -1
  referenceNo: "1438"
  orderId: "b2fd9836-f0da-4914-9b7f-47688a4e79ed"
  type: "Bill Item"
  sourceId: "85b844fa-b6c7-4787-91fd-4215870e10ed"
  Expenses:CostOfSales:Purchase:PurchaseItem:Buy18kJewelry 1118 HKD
  qty: "1"
  description: "做貨 BP2505 $1118 + (SAP2553-5) $286 = $1404"
  referenceNo: "1438"
  orderId: "b2fd9836-f0da-4914-9b7f-47688a4e79ed"
  type: "Bill Item"
  sourceId: "33f40d52-b436-4fd5-b3fc-e0f094add4b9"
  Assets:CurrentAssets:ShopInventory:Jewelry -1118 HKD
  qty: "-1"
  description: "做貨 BP2505 $1118 + (SAP2553-5) $286 = $1404"
  referenceNo: "1438"
  orderId: "b2fd9836-f0da-4914-9b7f-47688a4e79ed"
  type: "Bill Item"
  sourceId: "ea5bfba2-0d52-4913-a838-045ad07dbf71"
  Assets:CurrentAssets:ShopInventory:Jewelry 1164 HKD
  category: "Jewelry"
  sku: "DD20250922011"
  qty: 1
  referenceNo: "1438"
  orderId: "b2fd9836-f0da-4914-9b7f-47688a4e79ed"
  type: "Bill Item"
  sourceId: "2c7d83c0-211f-4785-bb6e-4509419a23ff"
  Assets:CurrentAssets:ShopInventory:Gemstones -368 HKD
  category: "Gem"
  sku: "SAP2554-9"
  qty: -1
  referenceNo: "1438"
  orderId: "b2fd9836-f0da-4914-9b7f-47688a4e79ed"
  type: "Bill Item"
  sourceId: "3ed09069-fc70-4a8a-a8cd-b022a59a56d9"
  Expenses:CostOfSales:Purchase:PurchaseItem:Buy18kJewelry 796 HKD
  qty: "1"
  description: "做貨 BP2506 $796 + (SAP2554-9) $368 = $1164"
  referenceNo: "1438"
  orderId: "b2fd9836-f0da-4914-9b7f-47688a4e79ed"
  type: "Bill Item"
  sourceId: "05f59bc5-d5f5-4554-85bc-8b90679b9f42"
  Assets:CurrentAssets:ShopInventory:Jewelry -796 HKD
  qty: "-1"
  description: "做貨 BP2506 $796 + (SAP2554-9) $368 = $1164"
  referenceNo: "1438"
  orderId: "b2fd9836-f0da-4914-9b7f-47688a4e79ed"
  type: "Bill Item"
  sourceId: "b899f0a7-7b68-421d-924b-bf25ac136f2a"
  Assets:CurrentAssets:ShopInventory:Jewelry 1237 HKD
  category: "Jewelry"
  sku: "DD20250922012"
  qty: 1
  referenceNo: "1438"
  orderId: "b2fd9836-f0da-4914-9b7f-47688a4e79ed"
  type: "Bill Item"
  sourceId: "7b3cc9b7-46c1-41eb-b20d-22fb0c1819df"
  Assets:CurrentAssets:ShopInventory:Gemstones -379 HKD
  category: "Gem"
  sku: "SAP2554-7"
  qty: -1
  referenceNo: "1438"
  orderId: "b2fd9836-f0da-4914-9b7f-47688a4e79ed"
  type: "Bill Item"
  sourceId: "eed07cb5-980e-4419-af1a-bd23e04d8008"
  Expenses:CostOfSales:Purchase:PurchaseItem:Buy18kJewelry 858 HKD
  qty: "1"
  description: "做貨 BP2507 $858 + (SAP2554-7) $379 = $1237"
  referenceNo: "1438"
  orderId: "b2fd9836-f0da-4914-9b7f-47688a4e79ed"
  type: "Bill Item"
  sourceId: "2d92b5c7-d511-4e02-bed5-08171332db6f"
  Assets:CurrentAssets:ShopInventory:Jewelry -858 HKD
  qty: "-1"
  description: "做貨 BP2507 $858 + (SAP2554-7) $379 = $1237"
  referenceNo: "1438"
  orderId: "b2fd9836-f0da-4914-9b7f-47688a4e79ed"
  type: "Bill Item"
  sourceId: "c5ddd690-00a1-4c38-85df-39ade5254f55"
  Assets:CurrentAssets:ShopInventory:Jewelry 1381 HKD
  category: "Jewelry"
  sku: "DD20250922013"
  qty: 1
  referenceNo: "1438"
  orderId: "b2fd9836-f0da-4914-9b7f-47688a4e79ed"
  type: "Bill Item"
  sourceId: "5a02db6f-b02f-4349-8157-51e910aeb9de"
  Assets:CurrentAssets:ShopInventory:Gemstones -612 HKD
  category: "Gem"
  sku: "SAP2550-8"
  qty: -1
  referenceNo: "1438"
  orderId: "b2fd9836-f0da-4914-9b7f-47688a4e79ed"
  type: "Bill Item"
  sourceId: "286d0a04-db82-42a7-9601-a2ab6441107e"
  Expenses:CostOfSales:Purchase:PurchaseItem:Buy18kJewelry 769 HKD
  qty: "1"
  description: "做貨 BP2508 $769 + (SAP2550-8) $612 = $1381"
  referenceNo: "1438"
  orderId: "b2fd9836-f0da-4914-9b7f-47688a4e79ed"
  type: "Bill Item"
  sourceId: "21be6e07-55ed-4b4c-9851-d7b75c1e3eb8"
  Assets:CurrentAssets:ShopInventory:Jewelry -769 HKD
  qty: "-1"
  description: "做貨 BP2508 $769 + (SAP2550-8) $612 = $1381"
  referenceNo: "1438"
  orderId: "b2fd9836-f0da-4914-9b7f-47688a4e79ed"
  type: "Bill Item"
  sourceId: "d3f3a4b5-b1a7-4eb9-b4a9-cca440721e05"
  Assets:CurrentAssets:ShopInventory:Jewelry 1205 HKD
  category: "Jewelry"
  sku: "DD20250922014"
  qty: 1
  referenceNo: "1438"
  orderId: "b2fd9836-f0da-4914-9b7f-47688a4e79ed"
  type: "Bill Item"
  sourceId: "95828f24-815a-4f59-8b93-629e4a878a50"
  Assets:CurrentAssets:ShopInventory:Gemstones -502 HKD
  category: "Gem"
  sku: "SAP2550-16"
  qty: -1
  referenceNo: "1438"
  orderId: "b2fd9836-f0da-4914-9b7f-47688a4e79ed"
  type: "Bill Item"
  sourceId: "3a8ad6f2-0990-419a-ab4f-225f29a759f8"
  Expenses:CostOfSales:Purchase:PurchaseItem:Buy18kJewelry 703 HKD
  qty: "1"
  description: "做貨 BP2509 $703 + (SAP2550-16) $502 = $1205"
  referenceNo: "1438"
  orderId: "b2fd9836-f0da-4914-9b7f-47688a4e79ed"
  type: "Bill Item"
  sourceId: "6dcd35d6-1443-477e-8592-cf42d6086790"
  Assets:CurrentAssets:ShopInventory:Jewelry -703 HKD
  qty: "-1"
  description: "做貨 BP2509 $703 + (SAP2550-16) $502 = $1205"
  referenceNo: "1438"
  orderId: "b2fd9836-f0da-4914-9b7f-47688a4e79ed"
  type: "Bill Item"
  sourceId: "909bd8fb-aa75-4a07-b3f9-16a787048661"
  Assets:CurrentAssets:ShopInventory:Jewelry 1295 HKD
  category: "Jewelry"
  sku: "DD20250922015"
  qty: 1
  referenceNo: "1438"
  orderId: "b2fd9836-f0da-4914-9b7f-47688a4e79ed"
  type: "Bill Item"
  sourceId: "059a61fc-7154-4fd7-b9c9-d328992ded88"
  Assets:CurrentAssets:ShopInventory:Gemstones -500 HKD
  category: "Gem"
  sku: "SAP2550-3"
  qty: -1
  referenceNo: "1438"
  orderId: "b2fd9836-f0da-4914-9b7f-47688a4e79ed"
  type: "Bill Item"
  sourceId: "344c02db-b456-4cd3-b007-ce0c4d0f762f"
  Expenses:CostOfSales:Purchase:PurchaseItem:Buy18kJewelry 795 HKD
  qty: "1"
  description: "做貨 BP2510 $795 + (SAP2550-3) $500 = $1295"
  referenceNo: "1438"
  orderId: "b2fd9836-f0da-4914-9b7f-47688a4e79ed"
  type: "Bill Item"
  sourceId: "65fc9441-9992-4283-8c97-4055fe8ed0cb"
  Assets:CurrentAssets:ShopInventory:Jewelry -795 HKD
  qty: "-1"
  description: "做貨 BP2510 $795 + (SAP2550-3) $500 = $1295"
  referenceNo: "1438"
  orderId: "b2fd9836-f0da-4914-9b7f-47688a4e79ed"
  type: "Bill Item"
  sourceId: "80c33433-15dc-49ff-8269-4d207aafc1ff"
  Expenses:CostOfSales:Purchase:PurchaseItem:Buy18kJewelry 708 HKD
  category: "Jewelry"
  sku: "DD20250922016"
  qty: 1
  referenceNo: "1438"
  orderId: "b2fd9836-f0da-4914-9b7f-47688a4e79ed"
  type: "Bill Item"
  sourceId: "1da0b757-7fc3-4e88-bb7a-f1780ed154cc"
  Expenses:CostOfSales:Purchase:PurchaseItem:Buy18kJewelry 662 HKD
  category: "Jewelry"
  sku: "DD20250922020"
  qty: 1
  referenceNo: "1438"
  orderId: "b2fd9836-f0da-4914-9b7f-47688a4e79ed"
  type: "Bill Item"
  sourceId: "216cc5f0-4bbf-4eff-8786-cad71589b630"
  Expenses:CostOfSales:Purchase:PurchaseItem:Buy18kJewelry 662 HKD
  category: "Jewelry"
  sku: "DD20250922021"
  qty: 1
  referenceNo: "1438"
  orderId: "b2fd9836-f0da-4914-9b7f-47688a4e79ed"
  type: "Bill Item"
  sourceId: "040b9eb1-2faf-407c-a307-a346b2e1f8c2"
  Expenses:CostOfSales:Purchase:PurchaseItem:Buy18kJewelry 662 HKD
  category: "Jewelry"
  sku: "DD20250922022"
  qty: 1
  referenceNo: "1438"
  orderId: "b2fd9836-f0da-4914-9b7f-47688a4e79ed"
  type: "Bill Item"
  sourceId: "77246e94-72c2-4318-b56e-3b2007b7459f"
  Assets:CurrentAssets:ShopInventory:Jewelry 1767.47 HKD
  category: "Jewelry"
  sku: "DD20250922023"
  qty: 1
  referenceNo: "1438"
  orderId: "b2fd9836-f0da-4914-9b7f-47688a4e79ed"
  type: "Bill Item"
  sourceId: "35eb5d00-14d0-4801-a2c5-0f3738a689e7"
  Assets:CurrentAssets:ShopInventory:Gemstones -348 HKD
  category: "Gem"
  sku: "SAP2554-5"
  qty: -1
  referenceNo: "1438"
  orderId: "b2fd9836-f0da-4914-9b7f-47688a4e79ed"
  type: "Bill Item"
  sourceId: "ee6050e9-5d55-46b7-a972-91ba22e147ff"
  Assets:CurrentAssets:ShopInventory:Jewelry -1354 HKD
  category: "Ring Setting"
  sku: "DDFFFFFF0B00000000000077"
  qty: -1
  referenceNo: "1438"
  orderId: "b2fd9836-f0da-4914-9b7f-47688a4e79ed"
  type: "Bill Item"
  sourceId: "26b684c1-cc27-409a-af60-97ae47141368"
  Assets:CurrentAssets:ShopInventory:Jewelry 2427.47 HKD
  category: "Jewelry"
  sku: "DD20250922024"
  qty: 1
  referenceNo: "1438"
  orderId: "b2fd9836-f0da-4914-9b7f-47688a4e79ed"
  type: "Bill Item"
  sourceId: "7cc79913-d20b-4afe-9cb4-4296d424264e"
  Assets:CurrentAssets:ShopInventory:Gemstones -359 HKD
  category: "Gem"
  sku: "SAP2556-14"
  qty: -1
  referenceNo: "1438"
  orderId: "b2fd9836-f0da-4914-9b7f-47688a4e79ed"
  type: "Bill Item"
  sourceId: "e78e040a-4051-4649-8f21-436bfb235c99"
  Assets:CurrentAssets:ShopInventory:Jewelry -2003 HKD
  category: "Ring Setting"
  sku: "DDFFFFFF0B00000000000038"
  qty: -1
  referenceNo: "1438"
  orderId: "b2fd9836-f0da-4914-9b7f-47688a4e79ed"
  type: "Bill Item"
  sourceId: "c784eb30-f397-4643-a4c6-0bec52dfd61d"
  Assets:CurrentAssets:ShopInventory:Jewelry 2717.47 HKD
  category: "Jewelry"
  sku: "DD20250922025"
  qty: 1
  referenceNo: "1438"
  orderId: "b2fd9836-f0da-4914-9b7f-47688a4e79ed"
  type: "Bill Item"
  sourceId: "33141ebb-c1d2-4364-b46c-be59bfc58921"
  Assets:CurrentAssets:ShopInventory:Gemstones -707 HKD
  category: "Gem"
  sku: "SAP2550-6"
  qty: -1
  referenceNo: "1438"
  orderId: "b2fd9836-f0da-4914-9b7f-47688a4e79ed"
  type: "Bill Item"
  sourceId: "d5113cee-96ff-4723-b82f-7fd84593004d"
  Assets:CurrentAssets:ShopInventory:Jewelry -1945 HKD
  category: "Ring Setting"
  sku: "DDFFFFFF0B00000000000086"
  qty: -1
  referenceNo: "1438"
  orderId: "b2fd9836-f0da-4914-9b7f-47688a4e79ed"
  type: "Bill Item"
  sourceId: "e8deba2a-78d3-4132-a2ba-fa48807eb868"
  Assets:CurrentAssets:ShopInventory:Jewelry 2812.47 HKD
  category: "Jewelry"
  sku: "DD20250922026"
  qty: 1
  referenceNo: "1438"
  orderId: "b2fd9836-f0da-4914-9b7f-47688a4e79ed"
  type: "Bill Item"
  sourceId: "41598d1b-8cbc-4662-b431-8bd214a0593c"
  Assets:CurrentAssets:ShopInventory:Gemstones -410 HKD
  category: "Gem"
  sku: "SAP2554-3"
  qty: -1
  referenceNo: "1438"
  orderId: "b2fd9836-f0da-4914-9b7f-47688a4e79ed"
  type: "Bill Item"
  sourceId: "8fc6f2b1-d5a0-421c-9622-7c439fd85c8b"
  Assets:CurrentAssets:ShopInventory:Jewelry -2337 HKD
  category: "Ring Setting"
  sku: "DDFFFFFF0B00000000000023"
  qty: -1
  referenceNo: "1438"
  orderId: "b2fd9836-f0da-4914-9b7f-47688a4e79ed"
  type: "Bill Item"
  sourceId: "a5d302b7-f94a-47cd-8357-378ebd29b3c0"
  Assets:CurrentAssets:ShopInventory:Jewelry 2340.47 HKD
  category: "Jewelry"
  sku: "DD20250922027"
  qty: 1
  referenceNo: "1438"
  orderId: "b2fd9836-f0da-4914-9b7f-47688a4e79ed"
  type: "Bill Item"
  sourceId: "32d5ebc5-c038-4278-b7ad-c03b5f9c1543"
  Assets:CurrentAssets:ShopInventory:Gemstones -381 HKD
  category: "Gem"
  sku: "SAP2556-12"
  qty: -1
  referenceNo: "1438"
  orderId: "b2fd9836-f0da-4914-9b7f-47688a4e79ed"
  type: "Bill Item"
  sourceId: "a2952624-a480-4226-8af4-a5892c4e6f58"
  Assets:CurrentAssets:ShopInventory:Jewelry -1894 HKD
  category: "Ring Setting"
  sku: "DDFFFFFF0B00000000000093"
  qty: -1
  referenceNo: "1438"
  orderId: "b2fd9836-f0da-4914-9b7f-47688a4e79ed"
  type: "Bill Item"
  sourceId: "277a1c27-4c41-4709-83f3-85fa7abc428d"
  Assets:CurrentAssets:ShopInventory:Jewelry 2338.47 HKD
  category: "Jewelry"
  sku: "DD20250922028"
  qty: 1
  referenceNo: "1438"
  orderId: "b2fd9836-f0da-4914-9b7f-47688a4e79ed"
  type: "Bill Item"
  sourceId: "549ab0f0-9378-4036-ab26-412ab8868dd7"
  Assets:CurrentAssets:ShopInventory:Gemstones -356 HKD
  category: "Gem"
  sku: "SAP2554-8"
  qty: -1
  referenceNo: "1438"
  orderId: "b2fd9836-f0da-4914-9b7f-47688a4e79ed"
  type: "Bill Item"
  sourceId: "75645958-42b5-4b54-bc0b-bddd53c07be9"
  Assets:CurrentAssets:ShopInventory:Jewelry -1917 HKD
  category: "Ring Setting"
  sku: "DDFFFFFF0B00000000000075"
  qty: -1
  referenceNo: "1438"
  orderId: "b2fd9836-f0da-4914-9b7f-47688a4e79ed"
  type: "Bill Item"
  sourceId: "4f2c3292-e618-4341-b2f6-22bf95d63284"
  Expenses:CostOfSales:Purchase:PurchaseItem:BuyCost-ProcessingFee 54.18 HKD
  category: "Other"
  sku: "Processing 053"
  qty: 1
  referenceNo: "1438"
  orderId: "b2fd9836-f0da-4914-9b7f-47688a4e79ed"
  type: "Bill Item"
  sourceId: "08a39d8d-5961-4e32-8c43-8802493de8ba"
  Expenses:CostOfSales:Purchase:PurchaseItem:BuyCost-ProcessingFee 392 HKD
  category: "Other"
  sku: "Processing 054"
  qty: 1
  referenceNo: "1438"
  orderId: "b2fd9836-f0da-4914-9b7f-47688a4e79ed"
  type: "Bill Item"
  sourceId: "abb894b1-d8aa-454b-8aaa-97c730afaefa"
  Income:Sales:SalesItem:Sell-ForProcess交外廠加工 -392 HKD
  category: "Other"
  sku: "Processing 054"
  qty: -1
  referenceNo: "1438"
  orderId: "b2fd9836-f0da-4914-9b7f-47688a4e79ed"
  type: "Bill Item"
  sourceId: "d57fede9-6ad2-41d7-91c4-7f8187f5d63d"
  Expenses:CostOfSales:Purchase:PurchaseItem:Buy18kJewelry 662 HKD
  category: "Jewelry"
  sku: "DD20250922019"
  qty: 1
  referenceNo: "1438"
  orderId: "b2fd9836-f0da-4914-9b7f-47688a4e79ed"
  type: "Bill Item"
  sourceId: "94bd7bab-6323-42ea-98ce-eaef8e0f3e41"
  Liabilities:CurrentLiabilities:AccountPayable
  referenceNo: "1438"
  orderId: "b2fd9836-f0da-4914-9b7f-47688a4e79ed"
  type: "Bill"
  sourceId: "b2fd9836-f0da-4914-9b7f-47688a4e79ed"
  contact: "86 13502891558 () [0855f826-2f3a-4788-bfb1-5f09653c1ad0]"
2025-09-22 * "86 13502891558 () [0855f826-2f3a-4788-bfb1-5f09653c1ad0]" "Bill Payment for Bill #1438 #8c1ecd6f-14a5-451f-8733-70d36074cbc6"
  contact: "86 13502891558 () [0855f826-2f3a-4788-bfb1-5f09653c1ad0]"
  Liabilities:CurrentLiabilities:AccountPayable 22186 HKD
  type: "Bill Payment"
  sourceId: "8c1ecd6f-14a5-451f-8733-70d36074cbc6"
  referenceNo: "1438"
  orderId: "b2fd9836-f0da-4914-9b7f-47688a4e79ed"
  Assets:CurrentAssets:Cash:G17ShopCash -22186 HKD
  type: "Bill Payment"
  sourceId: "8c1ecd6f-14a5-451f-8733-70d36074cbc6"
  referenceNo: "1438"
  orderId: "b2fd9836-f0da-4914-9b7f-47688a4e79ed"
2025-09-25 * "Bill #1443 BOC VISA Card - Sam 9月 2025"
  referenceNo: "1443"
  orderId: "a1bf7336-a267-4da6-b726-07667df4e01a"
  type: "Bill"
  Liabilities:CurrentLiabilities:CurrentAccount:C-a-MilwaysGoldLimited 3701.13 HKD
  qty: "1"
  description: "DORIS 8月工資"
  referenceNo: "1443"
  orderId: "a1bf7336-a267-4da6-b726-07667df4e01a"
  type: "Bill Item"
  sourceId: "77266b1a-aca6-4905-b983-1e480e1fcb93"
  Liabilities:CurrentLiabilities:CurrentAccount:C-a-MilwaysFactoryLtd 9695.63 HKD
  qty: "1"
  description: "Milways Factory Ltd - 淘寶雜項"
  referenceNo: "1443"
  orderId: "a1bf7336-a267-4da6-b726-07667df4e01a"
  type: "Bill Item"
  sourceId: "b4c7612c-007e-4fb0-a58c-c4a33899c38b"
  Liabilities:CurrentLiabilities:CurrentAccount:C-a-MilwaysGoldLlc 1786.08 HKD
  qty: "1"
  description: "Milways LLC- 淘寶雜項"
  referenceNo: "1443"
  orderId: "a1bf7336-a267-4da6-b726-07667df4e01a"
  type: "Bill Item"
  sourceId: "72e63568-adf5-436e-810d-77069ee6f423"
  Liabilities:CurrentLiabilities:CurrentAccount:C-a-MilwaysGoldLimited 13669.49 HKD
  qty: "1"
  description: "Milways Gold - 淘寶雜項"
  referenceNo: "1443"
  orderId: "a1bf7336-a267-4da6-b726-07667df4e01a"
  type: "Bill Item"
  sourceId: "e03e6528-b3de-4998-a819-e57309a0cdf8"
  Liabilities:CurrentLiabilities:AccountPayable
  referenceNo: "1443"
  orderId: "a1bf7336-a267-4da6-b726-07667df4e01a"
  type: "Bill"
  sourceId: "a1bf7336-a267-4da6-b726-07667df4e01a"
  contact: "880 806 () [53b8789a-4451-4a1f-84f7-a9c5da7ada1a]"
2025-09-25 * "Bill #1444 BOC VISA Card - David 9月 2025"
  referenceNo: "1444"
  orderId: "48288884-e3b2-4fbf-9dd6-7f8532eeb6f7"
  type: "Bill"
  Expenses:Subscriptions 158.63 HKD
  qty: "1"
  description: "VERCEL INC. USD 20 (22 Sep 2025)"
  referenceNo: "1444"
  orderId: "48288884-e3b2-4fbf-9dd6-7f8532eeb6f7"
  type: "Bill Item"
  sourceId: "48da0053-6aa2-4113-a2f4-409fdc864f5b"
  Expenses:Subscriptions 102 HKD
  qty: "1"
  description: "Microsoft*Microsoft (26 Aug 2025)"
  referenceNo: "1444"
  orderId: "48288884-e3b2-4fbf-9dd6-7f8532eeb6f7"
  type: "Bill Item"
  sourceId: "0e3ee46b-c9d1-4f98-afd3-ddaf54e2e356"
  Liabilities:CurrentLiabilities:CurrentAccount:C-a-MilwaysGoldLimited 93 HKD
  qty: "1"
  description: "集團 CCTV監控系統訂閱費 TP-LINK GLOBAL INC.1 Sep 2025"
  referenceNo: "1444"
  orderId: "48288884-e3b2-4fbf-9dd6-7f8532eeb6f7"
  type: "Bill Item"
  sourceId: "b9f6e67d-ec2f-4e80-ad88-54899dbfc60f"
  Expenses:BankFeesExpense 0.74 HKD
  qty: "1"
  description: "Bank Fee - 集團 CCTV監控系統訂閱費 TP-LINK GLOBAL INC.1 Sep 2025"
  referenceNo: "1444"
  orderId: "48288884-e3b2-4fbf-9dd6-7f8532eeb6f7"
  type: "Bill Item"
  sourceId: "876c37e6-ed1c-47c9-9f46-78180d9b602a"
  Liabilities:CurrentLiabilities:CurrentAccount:C-a-MilwaysGoldLlc 2008.02 HKD
  qty: "1"
  description: "Milways Gold LLC  - 物資"
  referenceNo: "1444"
  orderId: "48288884-e3b2-4fbf-9dd6-7f8532eeb6f7"
  type: "Bill Item"
  sourceId: "fdecf452-b6b8-4aca-b585-6050e6d0d316"
  Liabilities:CurrentLiabilities:CurrentAccount:C-a-MilwaysFinanceLtd 88.21 HKD
  qty: "1"
  description: "Milways Finance Ltd - 物資 (招牌)"
  referenceNo: "1444"
  orderId: "48288884-e3b2-4fbf-9dd6-7f8532eeb6f7"
  type: "Bill Item"
  sourceId: "2eed9468-6dc2-469a-9a65-777f9d94e0ad"
  Liabilities:CurrentLiabilities:CurrentAccount:C-a-MilwaysFactoryLtd 5262.02 HKD
  qty: "1"
  description: "Milways Factory Ltd - 物資"
  referenceNo: "1444"
  orderId: "48288884-e3b2-4fbf-9dd6-7f8532eeb6f7"
  type: "Bill Item"
  sourceId: "f41a9822-bcd9-4c34-990d-4025273f408b"
  Liabilities:CurrentLiabilities:CurrentAccount:C-a-MilwaysGoldLimited 4859.87 HKD
  qty: "1"
  description: "Milways Gold -  物資"
  referenceNo: "1444"
  orderId: "48288884-e3b2-4fbf-9dd6-7f8532eeb6f7"
  type: "Bill Item"
  sourceId: "bceaf3ce-7a0b-41c5-a5db-1cc356f36842"
  Liabilities:CurrentLiabilities:AccountPayable
  referenceNo: "1444"
  orderId: "48288884-e3b2-4fbf-9dd6-7f8532eeb6f7"
  type: "Bill"
  sourceId: "48288884-e3b2-4fbf-9dd6-7f8532eeb6f7"
  contact: "880 806 () [53b8789a-4451-4a1f-84f7-a9c5da7ada1a]"
2025-09-25 * "880 806 () [53b8789a-4451-4a1f-84f7-a9c5da7ada1a]" "Bill Payment for Bill #1443 #cc51d0ab-b5a7-4ee8-bb4a-34fc8dae25a1"
  contact: "880 806 () [53b8789a-4451-4a1f-84f7-a9c5da7ada1a]"
  Liabilities:CurrentLiabilities:AccountPayable 28852.33 HKD
  type: "Bill Payment"
  sourceId: "cc51d0ab-b5a7-4ee8-bb4a-34fc8dae25a1"
  referenceNo: "1443"
  orderId: "a1bf7336-a267-4da6-b726-07667df4e01a"
  Assets:CurrentAssets:Bank:BocVisaCard-SamBank -28852.33 HKD
  type: "Bill Payment"
  sourceId: "cc51d0ab-b5a7-4ee8-bb4a-34fc8dae25a1"
  referenceNo: "1443"
  orderId: "a1bf7336-a267-4da6-b726-07667df4e01a"
2025-09-25 * "880 806 () [53b8789a-4451-4a1f-84f7-a9c5da7ada1a]" "Bill Payment for Bill #1444 #23d28a6e-bba9-47ab-811f-37244f18a9e8"
  contact: "880 806 () [53b8789a-4451-4a1f-84f7-a9c5da7ada1a]"
  Liabilities:CurrentLiabilities:AccountPayable 12572.49 HKD
  type: "Bill Payment"
  sourceId: "23d28a6e-bba9-47ab-811f-37244f18a9e8"
  referenceNo: "1444"
  orderId: "48288884-e3b2-4fbf-9dd6-7f8532eeb6f7"
  Assets:CurrentAssets:Bank:BocVisaCard-DavidBank -12572.49 HKD
  type: "Bill Payment"
  sourceId: "23d28a6e-bba9-47ab-811f-37244f18a9e8"
  referenceNo: "1444"
  orderId: "48288884-e3b2-4fbf-9dd6-7f8532eeb6f7"
2025-09-25 * "Invoice #827 Ref bill#1438 inv#810 BR2557戒指改size #15-#13"
  Income:Sales:SalesItem:Sell-ForProcess交外廠加工 -0 HKD
  category: "Other"
  sku: "Processing 053"
  qty: 1
  referenceNo: "827"
  orderId: "373dc0ce-a69a-4673-a386-e8a0e8430670"
  type: "Invoice Item"
  sourceId: "43814602-806d-41d8-b80f-bcb844caa362"
  Assets:CurrentAssets:AccountReceivable
  referenceNo: "827"
  orderId: "373dc0ce-a69a-4673-a386-e8a0e8430670"
  type: "Invoice"
  sourceId: "373dc0ce-a69a-4673-a386-e8a0e8430670"
  contact: "852 92842176 (No Name) [0d1a48f2-a076-415e-ac77-30ad77c1d8cf]"
2025-09-26 * "Invoice #828 Stock BE2505"
  Income:Sales:SalesItem:Sell18kJewelry -3000 HKD
  category: "Jewelry"
  sku: "DD20250830004"
  qty: 1
  referenceNo: "828"
  orderId: "22c5d72d-6544-4ead-8670-4eedcd41d6b0"
  type: "Invoice Item"
  sourceId: "a9480e9e-af92-41bc-8bb6-d8f70de3f9c4"
  Assets:CurrentAssets:AccountReceivable
  referenceNo: "828"
  orderId: "22c5d72d-6544-4ead-8670-4eedcd41d6b0"
  type: "Invoice"
  sourceId: "22c5d72d-6544-4ead-8670-4eedcd41d6b0"
  contact: "852 94646666 (PHOEBE) [d704c773-f043-4ce9-b299-a89253ec6d15]"
2025-09-26 * "Assets:CurrentAssets:Bank:KpayBank" "Invoice Payment for Invoice #828 #fc0b54a8-d163-4590-b23e-f997af51f9c8"
  Assets:CurrentAssets:Bank:KpayBank 3000 HKD
  type: "Invoice Payment"
  sourceId: "fc0b54a8-d163-4590-b23e-f997af51f9c8"
  referenceNo: "828"
  orderId: "22c5d72d-6544-4ead-8670-4eedcd41d6b0"
  Assets:CurrentAssets:AccountReceivable -3000 HKD
  type: "Invoice Payment"
  sourceId: "fc0b54a8-d163-4590-b23e-f997af51f9c8"
  referenceNo: "828"
  orderId: "22c5d72d-6544-4ead-8670-4eedcd41d6b0"
  contact: "852 94646666 (PHOEBE) [d704c773-f043-4ce9-b299-a89253ec6d15]"
2025-09-28 * "Bill #1439 嚴丹鳳代鑲石 合併"
  referenceNo: "1439"
  orderId: "d77f1f05-2232-45c1-82f6-4936a14720cb"
  type: "Bill"
  Expenses:CostOfSales:Purchase:PurchaseItem:BuyCost-ProcessingFee 735 HKD
  category: "Other"
  sku: "Processing 055"
  qty: 1
  referenceNo: "1439"
  orderId: "d77f1f05-2232-45c1-82f6-4936a14720cb"
  type: "Bill Item"
  sourceId: "0104a36d-600d-401d-b72e-9417dcaf10c6"
  Income:Sales:SalesItem:SellBespokeorotherFee -735 HKD
  category: "Other"
  sku: "Processing 055"
  qty: -1
  referenceNo: "1439"
  orderId: "d77f1f05-2232-45c1-82f6-4936a14720cb"
  type: "Bill Item"
  sourceId: "20ed0495-eea6-4f13-8dad-041fd70e43ed"
  Assets:CurrentAssets:ShopInventory:Jewelry -1683 HKD
  category: "Jewelry"
  sku: "DD20250922007"
  qty: -1
  referenceNo: "1439"
  orderId: "d77f1f05-2232-45c1-82f6-4936a14720cb"
  type: "Bill Item"
  sourceId: "d66d55eb-691b-4e3b-a823-efeda4754d9e"
  Assets:CurrentAssets:ShopInventory:Jewelry 2418 HKD
  category: "Jewelry"
  sku: "DD20250922007"
  qty: 1
  referenceNo: "1439"
  orderId: "d77f1f05-2232-45c1-82f6-4936a14720cb"
  type: "Bill Item"
  sourceId: "992134bb-50ba-4478-82f7-0b93583f6de9"
  Liabilities:CurrentLiabilities:AccountPayable
  referenceNo: "1439"
  orderId: "d77f1f05-2232-45c1-82f6-4936a14720cb"
  type: "Bill"
  sourceId: "d77f1f05-2232-45c1-82f6-4936a14720cb"
  contact: "86 13502891558 () [0855f826-2f3a-4788-bfb1-5f09653c1ad0]"
2025-09-28 * "86 13502891558 () [0855f826-2f3a-4788-bfb1-5f09653c1ad0]" "Bill Payment for Bill #1439 #e5ad4668-835b-42f6-a6fe-13155850e5b8"
  contact: "86 13502891558 () [0855f826-2f3a-4788-bfb1-5f09653c1ad0]"
  Liabilities:CurrentLiabilities:AccountPayable 735 HKD
  type: "Bill Payment"
  sourceId: "e5ad4668-835b-42f6-a6fe-13155850e5b8"
  referenceNo: "1439"
  orderId: "d77f1f05-2232-45c1-82f6-4936a14720cb"
  Assets:CurrentAssets:Cash:G17ShopCash -735 HKD
  type: "Bill Payment"
  sourceId: "e5ad4668-835b-42f6-a6fe-13155850e5b8"
  referenceNo: "1439"
  orderId: "d77f1f05-2232-45c1-82f6-4936a14720cb"
2025-09-29 * "Bill #1440 Yummy 鑽石戒指改size #11"
  referenceNo: "1440"
  orderId: "46c82a21-41b5-44d0-9b8d-c362d77a6361"
  type: "Bill"
  Expenses:CostOfSales:Purchase:PurchaseItem:BuyCost-ProcessingFee 250 HKD
  category: "Other"
  sku: "Processing 063"
  qty: 1
  referenceNo: "1440"
  orderId: "46c82a21-41b5-44d0-9b8d-c362d77a6361"
  type: "Bill Item"
  sourceId: "3e791931-c24d-442d-b6f5-8638980b6ad8"
  Liabilities:CurrentLiabilities:AccountPayable
  referenceNo: "1440"
  orderId: "46c82a21-41b5-44d0-9b8d-c362d77a6361"
  type: "Bill"
  sourceId: "46c82a21-41b5-44d0-9b8d-c362d77a6361"
  contact: "852 96221974 (強哥 首飾加工師傅) [cef6a8eb-0892-4a7c-bfdc-328752af4fd5]"
2025-09-29 * "Bill #1441 ERIC~補貨/客訂"
  referenceNo: "1441"
  orderId: "e8f30e5e-bbe6-4e58-b929-2168bd9d1655"
  type: "Bill"
  Expenses:CostOfSales:Purchase:PurchaseItem:Buy18kJewelry 1804 CNY
  category: "Jewelry"
  sku: "DD20250930001"
  qty: 1
  referenceNo: "1441"
  orderId: "e8f30e5e-bbe6-4e58-b929-2168bd9d1655"
  type: "Bill Item"
  sourceId: "d047bc9d-9837-4479-b528-dc95c476cd70"
  Expenses:CostOfSales:Purchase:PurchaseItem:Buy18kJewelry 1994 CNY
  category: "Jewelry"
  sku: "DD20250930002"
  qty: 1
  referenceNo: "1441"
  orderId: "e8f30e5e-bbe6-4e58-b929-2168bd9d1655"
  type: "Bill Item"
  sourceId: "00794790-cd99-476c-9aa0-0e715d632a4a"
  Liabilities:CurrentLiabilities:AccountPayable
  referenceNo: "1441"
  orderId: "e8f30e5e-bbe6-4e58-b929-2168bd9d1655"
  type: "Bill"
  sourceId: "e8f30e5e-bbe6-4e58-b929-2168bd9d1655"
  contact: "86 97978678 (ERIC) [cb2cbf18-d8c3-40eb-a388-d7234ea70615]"
2025-09-29 * "852 96221974 (強哥 首飾加工師傅) [cef6a8eb-0892-4a7c-bfdc-328752af4fd5]" "Bill Payment for Bill #1440 #88b02224-3fe2-4cbe-a853-9e792b212589"
  contact: "852 96221974 (強哥 首飾加工師傅) [cef6a8eb-0892-4a7c-bfdc-328752af4fd5]"
  Liabilities:CurrentLiabilities:AccountPayable 250 HKD
  type: "Bill Payment"
  sourceId: "88b02224-3fe2-4cbe-a853-9e792b212589"
  referenceNo: "1440"
  orderId: "46c82a21-41b5-44d0-9b8d-c362d77a6361"
  Assets:CurrentAssets:Cash:G17ShopCash -250 HKD
  type: "Bill Payment"
  sourceId: "88b02224-3fe2-4cbe-a853-9e792b212589"
  referenceNo: "1440"
  orderId: "46c82a21-41b5-44d0-9b8d-c362d77a6361"
2025-09-30 * "Invoice #836 Stock R24131 #13"
  Income:Sales:SalesItem:Sell18kJewelry -2800 HKD
  category: "Jewelry"
  sku: "DD20250930002"
  qty: 1
  referenceNo: "836"
  orderId: "ef6ea6d4-86c8-4131-bb12-1ad39de00125"
  type: "Invoice Item"
  sourceId: "1ab7dc2a-5ec7-438c-bc63-ca886267cf8c"
  Assets:CurrentAssets:AccountReceivable
  referenceNo: "836"
  orderId: "ef6ea6d4-86c8-4131-bb12-1ad39de00125"
  type: "Invoice"
  sourceId: "ef6ea6d4-86c8-4131-bb12-1ad39de00125"
  contact: "971 508466440 (No Name) [4860047a-62d2-430a-bdd2-4b4fe49f25dd]"
2025-09-30 * "Invoice #835 Ref bill#1440 inv#433 戒指改size#11"
  Income:Sales:SalesItem:Sell-ForProcess交外廠加工 -300 HKD
  category: "Other"
  sku: "Processing 063"
  qty: 1
  referenceNo: "835"
  orderId: "b8165a87-3f89-426c-8d03-d4b8a8dd867e"
  type: "Invoice Item"
  sourceId: "691eae11-aa65-487a-9605-1a4eadf520e9"
  Assets:CurrentAssets:AccountReceivable
  referenceNo: "835"
  orderId: "b8165a87-3f89-426c-8d03-d4b8a8dd867e"
  type: "Invoice"
  sourceId: "b8165a87-3f89-426c-8d03-d4b8a8dd867e"
  contact: "852 52665426 (YUMMY) [22a2be29-f4b7-41b7-a0eb-af626862ec69]"
2025-09-30 * "86 97978678 (ERIC) [cb2cbf18-d8c3-40eb-a388-d7234ea70615]" "Bill Payment for Bill #1441 #a38a8fc0-c37f-46b9-b2e7-8f7ab8d18264"
  contact: "86 97978678 (ERIC) [cb2cbf18-d8c3-40eb-a388-d7234ea70615]"
  Liabilities:CurrentLiabilities:AccountPayable 3798 CNY
  type: "Bill Payment"
  sourceId: "a38a8fc0-c37f-46b9-b2e7-8f7ab8d18264"
  referenceNo: "1441"
  orderId: "e8f30e5e-bbe6-4e58-b929-2168bd9d1655"
  Assets:CurrentAssets:TradeDeposit:TradeDeposit-Eric -3798 CNY
  type: "Bill Payment"
  sourceId: "a38a8fc0-c37f-46b9-b2e7-8f7ab8d18264"
  referenceNo: "1441"
  orderId: "e8f30e5e-bbe6-4e58-b929-2168bd9d1655"
2025-09-30 * "Assets:CurrentAssets:Bank:BocSavingBank" "Invoice Payment for Invoice #836 #d001f668-795f-43a1-a1bb-54db67d16bc2"
  Assets:CurrentAssets:Bank:BocSavingBank 2800 HKD
  type: "Invoice Payment"
  sourceId: "d001f668-795f-43a1-a1bb-54db67d16bc2"
  referenceNo: "836"
  orderId: "ef6ea6d4-86c8-4131-bb12-1ad39de00125"
  Assets:CurrentAssets:AccountReceivable -2800 HKD
  type: "Invoice Payment"
  sourceId: "d001f668-795f-43a1-a1bb-54db67d16bc2"
  referenceNo: "836"
  orderId: "ef6ea6d4-86c8-4131-bb12-1ad39de00125"
  contact: "971 508466440 (No Name) [4860047a-62d2-430a-bdd2-4b4fe49f25dd]"
2025-09-30 * "Assets:CurrentAssets:Bank:KpayBank" "Invoice Payment for Invoice #815 #0a8c214a-4a05-44fe-b67e-b5d858d5bb06"
  Assets:CurrentAssets:Bank:KpayBank 1400 HKD
  type: "Invoice Payment"
  sourceId: "0a8c214a-4a05-44fe-b67e-b5d858d5bb06"
  referenceNo: "815"
  orderId: "0f0025da-bc27-430f-8278-c9c378bf01e1"
  Assets:CurrentAssets:AccountReceivable -1400 HKD
  type: "Invoice Payment"
  sourceId: "0a8c214a-4a05-44fe-b67e-b5d858d5bb06"
  referenceNo: "815"
  orderId: "0f0025da-bc27-430f-8278-c9c378bf01e1"
  contact: "852 94918662 (No Name) [4cdc7637-8d38-40af-ad49-518d3e8fde61]"
2025-09-30 * "Assets:CurrentAssets:Bank:BocSavingBank" "Invoice Payment for Invoice #835 #14b358f4-f33a-4d1a-8ab5-ded2cb799455"
  Assets:CurrentAssets:Bank:BocSavingBank 300 HKD
  type: "Invoice Payment"
  sourceId: "14b358f4-f33a-4d1a-8ab5-ded2cb799455"
  referenceNo: "835"
  orderId: "b8165a87-3f89-426c-8d03-d4b8a8dd867e"
  Assets:CurrentAssets:AccountReceivable -300 HKD
  type: "Invoice Payment"
  sourceId: "14b358f4-f33a-4d1a-8ab5-ded2cb799455"
  referenceNo: "835"
  orderId: "b8165a87-3f89-426c-8d03-d4b8a8dd867e"
  contact: "852 52665426 (YUMMY) [22a2be29-f4b7-41b7-a0eb-af626862ec69]"