; ORDER transactions for 2025-08

2025-08-01 * "Bill #1384 BESPOKE+CHAIN"
  referenceNo: "1384"
  orderId: "ddad5aaa-a1ff-4ec1-ac87-926ceff3f09a"
  type: "Bill"
  Expenses:CostOfSales:Purchase:PurchaseItem:Buy18kJewelry 656 HKD
  category: "Jewelry"
  sku: "DD20250801009"
  qty: 1
  referenceNo: "1384"
  orderId: "ddad5aaa-a1ff-4ec1-ac87-926ceff3f09a"
  type: "Bill Item"
  sourceId: "6f4e8b8e-bcad-422d-8935-ecad1206f354"
  Expenses:CostOfSales:Purchase:PurchaseItem:Buy18kJewelry 656 HKD
  category: "Jewelry"
  sku: "DD20250801010"
  qty: 1
  referenceNo: "1384"
  orderId: "ddad5aaa-a1ff-4ec1-ac87-926ceff3f09a"
  type: "Bill Item"
  sourceId: "7262c0f4-37f3-446a-9cdb-96ab2d35145b"
  Expenses:CostOfSales:Purchase:PurchaseItem:BuyBespoke 3346 HKD
  category: "Jewelry"
  sku: "DDBESPOKE00000039"
  qty: 1
  referenceNo: "1384"
  orderId: "ddad5aaa-a1ff-4ec1-ac87-926ceff3f09a"
  type: "Bill Item"
  sourceId: "7bedf451-3ec8-4421-8c4a-3d1a9d29ff2e"
  Liabilities:CurrentLiabilities:AccountPayable
  referenceNo: "1384"
  orderId: "ddad5aaa-a1ff-4ec1-ac87-926ceff3f09a"
  type: "Bill"
  sourceId: "ddad5aaa-a1ff-4ec1-ac87-926ceff3f09a"
  contact: "86 13502891558 () [0855f826-2f3a-4788-bfb1-5f09653c1ad0]"
2025-08-01 * "Assets:CurrentAssets:Bank:BocSavingBank" "Invoice Payment for Invoice #779 #64694fac-b0df-467c-b7c2-362949411a80"
  Assets:CurrentAssets:Bank:BocSavingBank 3900 HKD
  type: "Invoice Payment"
  sourceId: "64694fac-b0df-467c-b7c2-362949411a80"
  referenceNo: "779"
  orderId: "9d8c63fb-d16e-409a-9dc9-114ae264fc13"
  Assets:CurrentAssets:AccountReceivable -3900 HKD
  type: "Invoice Payment"
  sourceId: "64694fac-b0df-467c-b7c2-362949411a80"
  referenceNo: "779"
  orderId: "9d8c63fb-d16e-409a-9dc9-114ae264fc13"
  contact: "852 64303983 (No Name) [bb74c780-a1d6-4ec5-becc-e8bb57e324ae]"
2025-08-01 * "86 13502891558 () [0855f826-2f3a-4788-bfb1-5f09653c1ad0]" "Bill Payment for Bill #1385 #fe6d6f7f-cca4-4e6a-b5f3-00d58960ef2c"
  contact: "86 13502891558 () [0855f826-2f3a-4788-bfb1-5f09653c1ad0]"
  Liabilities:CurrentLiabilities:AccountPayable 11169 HKD
  type: "Bill Payment"
  sourceId: "fe6d6f7f-cca4-4e6a-b5f3-00d58960ef2c"
  referenceNo: "1385"
  orderId: "12d66fc5-7732-4dc0-8a08-a76705b62a65"
  Assets:CurrentAssets:Cash:CashInHand -11169 HKD
  type: "Bill Payment"
  sourceId: "fe6d6f7f-cca4-4e6a-b5f3-00d58960ef2c"
  referenceNo: "1385"
  orderId: "12d66fc5-7732-4dc0-8a08-a76705b62a65"
2025-08-01 * "86 13502891558 () [0855f826-2f3a-4788-bfb1-5f09653c1ad0]" "Bill Payment for Bill #1384 #f2174736-a680-4e69-8039-005c69d5ae91"
  contact: "86 13502891558 () [0855f826-2f3a-4788-bfb1-5f09653c1ad0]"
  Liabilities:CurrentLiabilities:AccountPayable 4658 HKD
  type: "Bill Payment"
  sourceId: "f2174736-a680-4e69-8039-005c69d5ae91"
  referenceNo: "1384"
  orderId: "ddad5aaa-a1ff-4ec1-ac87-926ceff3f09a"
  Assets:CurrentAssets:Cash:CashInHand -4658 HKD
  type: "Bill Payment"
  sourceId: "f2174736-a680-4e69-8039-005c69d5ae91"
  referenceNo: "1384"
  orderId: "ddad5aaa-a1ff-4ec1-ac87-926ceff3f09a"
2025-08-01 * "Invoice #779 Stock BR2527 #15"
  Income:Sales:SalesItem:Sell18kJewelry -3900 HKD
  category: "Jewelry"
  sku: "DD20250716005"
  qty: 1
  referenceNo: "779"
  orderId: "9d8c63fb-d16e-409a-9dc9-114ae264fc13"
  type: "Invoice Item"
  sourceId: "ad46224d-7928-4665-8113-d95f5174c0ce"
  Assets:CurrentAssets:AccountReceivable
  referenceNo: "779"
  orderId: "9d8c63fb-d16e-409a-9dc9-114ae264fc13"
  type: "Invoice"
  sourceId: "9d8c63fb-d16e-409a-9dc9-114ae264fc13"
  contact: "852 64303983 (No Name) [bb74c780-a1d6-4ec5-becc-e8bb57e324ae]"
2025-08-02 * "Invoice #782 Stock gold jewellery 0.79g @$831.64 工費0"
  Income:Sales:SalesItem:SellGoldJewelry -50 HKD
  category: "Jewelry"
  sku: "HM000003"
  qty: 1
  referenceNo: "782"
  orderId: "c6f30764-5056-434c-872b-8e44b38e3de8"
  type: "Invoice Item"
  sourceId: "d0aff5d1-c063-4f8c-b728-fac1d590e2a2"
  Income:Sales:SalesItem:SellGoldJewelry -657 HKD
  category: "Gold Jewelry"
  sku: "DDFF2305120A000000000008"
  qty: 1
  referenceNo: "782"
  orderId: "c6f30764-5056-434c-872b-8e44b38e3de8"
  type: "Invoice Item"
  sourceId: "b91ec04d-c79a-4e35-bd15-db8d8cb14818"
  Assets:CurrentAssets:AccountReceivable
  referenceNo: "782"
  orderId: "c6f30764-5056-434c-872b-8e44b38e3de8"
  type: "Invoice"
  sourceId: "c6f30764-5056-434c-872b-8e44b38e3de8"
  contact: "852 52858388 (Elma Ma) [ef9273ef-4cec-43d5-bcd0-9f2b494c2962]"
2025-08-02 * "Invoice #781 Stock R24125 #13 Order R2110 #13"
  Income:Sales:SalesItem:Sell18kJewelry -3300 HKD
  category: "Jewelry"
  sku: "DD20250821019"
  qty: 1
  referenceNo: "781"
  orderId: "021f2cd6-b179-4b6a-99ba-fbe2b6bf892d"
  type: "Invoice Item"
  sourceId: "6c2a6d42-12cb-49da-b01a-4a523ea51580"
  Income:Sales:SalesItem:Sell18kJewelry -2800 HKD
  category: "Jewelry"
  sku: "DD2025052300000001"
  qty: 1
  referenceNo: "781"
  orderId: "021f2cd6-b179-4b6a-99ba-fbe2b6bf892d"
  type: "Invoice Item"
  sourceId: "beb9cfe4-e3a1-42b0-b026-3e6ef3a38159"
  Assets:CurrentAssets:AccountReceivable
  referenceNo: "781"
  orderId: "021f2cd6-b179-4b6a-99ba-fbe2b6bf892d"
  type: "Invoice"
  sourceId: "021f2cd6-b179-4b6a-99ba-fbe2b6bf892d"
  contact: "852 97520630 (No Name) [ead89ace-0f8f-4ac1-bfde-26f446796d0f]"
2025-08-02 * "Assets:CurrentAssets:Bank:KpayBank" "Invoice Payment for Invoice #781 #30924500-68ed-490e-b67f-2867ac845990"
  Assets:CurrentAssets:Bank:KpayBank 4450 HKD
  type: "Invoice Payment"
  sourceId: "30924500-68ed-490e-b67f-2867ac845990"
  referenceNo: "781"
  orderId: "021f2cd6-b179-4b6a-99ba-fbe2b6bf892d"
  Assets:CurrentAssets:AccountReceivable -4450 HKD
  type: "Invoice Payment"
  sourceId: "30924500-68ed-490e-b67f-2867ac845990"
  referenceNo: "781"
  orderId: "021f2cd6-b179-4b6a-99ba-fbe2b6bf892d"
  contact: "852 97520630 (No Name) [ead89ace-0f8f-4ac1-bfde-26f446796d0f]"
2025-08-03 * "Assets:CurrentAssets:Bank:BocSavingBank" "Invoice Payment for Invoice #782 #c61a384d-973f-41b0-9119-f145cafb1851"
  Assets:CurrentAssets:Bank:BocSavingBank 657 HKD
  type: "Invoice Payment"
  sourceId: "c61a384d-973f-41b0-9119-f145cafb1851"
  referenceNo: "782"
  orderId: "c6f30764-5056-434c-872b-8e44b38e3de8"
  Assets:CurrentAssets:AccountReceivable -657 HKD
  type: "Invoice Payment"
  sourceId: "c61a384d-973f-41b0-9119-f145cafb1851"
  referenceNo: "782"
  orderId: "c6f30764-5056-434c-872b-8e44b38e3de8"
  contact: "852 52858388 (Elma Ma) [ef9273ef-4cec-43d5-bcd0-9f2b494c2962]"
2025-08-03 * "Assets:CurrentAssets:Bank:BocSavingBank" "Invoice Payment for Invoice #782 #e3b4ced8-546f-4005-9ba6-0e92c46b75f2"
  Assets:CurrentAssets:Bank:BocSavingBank 50 HKD
  type: "Invoice Payment"
  sourceId: "e3b4ced8-546f-4005-9ba6-0e92c46b75f2"
  referenceNo: "782"
  orderId: "c6f30764-5056-434c-872b-8e44b38e3de8"
  Assets:CurrentAssets:AccountReceivable -50 HKD
  type: "Invoice Payment"
  sourceId: "e3b4ced8-546f-4005-9ba6-0e92c46b75f2"
  referenceNo: "782"
  orderId: "c6f30764-5056-434c-872b-8e44b38e3de8"
  contact: "852 52858388 (Elma Ma) [ef9273ef-4cec-43d5-bcd0-9f2b494c2962]"
2025-08-03 * "Bill #1385 嚴丹鳳代鑲石 合併"
  referenceNo: "1385"
  orderId: "12d66fc5-7732-4dc0-8a08-a76705b62a65"
  type: "Bill"
  Assets:CurrentAssets:ShopInventory:Gemstones -156 HKD
  category: "Gem"
  sku: "SAP2548-1"
  qty: -1
  referenceNo: "1385"
  orderId: "12d66fc5-7732-4dc0-8a08-a76705b62a65"
  type: "Bill Item"
  sourceId: "42b43417-4252-482f-8519-f18426e3f79b"
  Assets:CurrentAssets:ShopInventory:Gemstones -156 HKD
  category: "Gem"
  sku: "SAP2548-5"
  qty: -1
  referenceNo: "1385"
  orderId: "12d66fc5-7732-4dc0-8a08-a76705b62a65"
  type: "Bill Item"
  sourceId: "15e6d190-4748-4489-9244-c4ae6ddfadf9"
  Assets:CurrentAssets:ShopInventory:Gemstones -312 HKD
  category: "Gem"
  sku: "SAP2556-1"
  qty: -1
  referenceNo: "1385"
  orderId: "12d66fc5-7732-4dc0-8a08-a76705b62a65"
  type: "Bill Item"
  sourceId: "4d55707b-eef2-4aa3-8389-c3d34f20b239"
  Assets:CurrentAssets:ShopInventory:Gemstones -390 HKD
  category: "Gem"
  sku: "SAP2403"
  qty: -1
  referenceNo: "1385"
  orderId: "12d66fc5-7732-4dc0-8a08-a76705b62a65"
  type: "Bill Item"
  sourceId: "581c1c24-bab3-4c41-a41e-226734d710a0"
  Assets:CurrentAssets:ShopInventory:Gemstones -390 HKD
  category: "Gem"
  sku: "SAP2536"
  qty: -1
  referenceNo: "1385"
  orderId: "12d66fc5-7732-4dc0-8a08-a76705b62a65"
  type: "Bill Item"
  sourceId: "f5401e3e-f6dc-4a34-b04c-cfcf901482dc"
  Assets:CurrentAssets:ShopInventory:Gemstones -585 HKD
  category: "Gem"
  sku: "SAP2512"
  qty: -1
  referenceNo: "1385"
  orderId: "12d66fc5-7732-4dc0-8a08-a76705b62a65"
  type: "Bill Item"
  sourceId: "42d30267-e9ac-4df5-9333-78e1a9716283"
  Assets:CurrentAssets:ShopInventory:Gemstones -156 HKD
  category: "Gem"
  sku: "SAP2548-4"
  qty: -1
  referenceNo: "1385"
  orderId: "12d66fc5-7732-4dc0-8a08-a76705b62a65"
  type: "Bill Item"
  sourceId: "6844f208-f8ce-4606-90c0-4ef6d8e2ef74"
  Assets:CurrentAssets:ShopInventory:Gemstones -156 HKD
  category: "Gem"
  sku: "SAP2548-3"
  qty: -1
  referenceNo: "1385"
  orderId: "12d66fc5-7732-4dc0-8a08-a76705b62a65"
  type: "Bill Item"
  sourceId: "f907a7a0-9815-4695-a9dc-f37d7c36b3ce"
  Assets:CurrentAssets:ShopInventory:Gemstones -1560 HKD
  category: "Gem"
  sku: "SAP2547"
  qty: -1
  referenceNo: "1385"
  orderId: "12d66fc5-7732-4dc0-8a08-a76705b62a65"
  type: "Bill Item"
  sourceId: "fbebf1ec-c96f-4251-9d83-a1fef7655e9f"
  Assets:CurrentAssets:ShopInventory:Jewelry 3145 HKD
  category: "Jewelry"
  sku: "DD20250801001"
  qty: 1
  referenceNo: "1385"
  orderId: "12d66fc5-7732-4dc0-8a08-a76705b62a65"
  type: "Bill Item"
  sourceId: "d100032c-b588-4cfb-8d2c-65c8e38dff78"
  Assets:CurrentAssets:ShopInventory:Jewelry 1614 HKD
  category: "Jewelry"
  sku: "DD20250801007"
  qty: 1
  referenceNo: "1385"
  orderId: "12d66fc5-7732-4dc0-8a08-a76705b62a65"
  type: "Bill Item"
  sourceId: "bf220f4b-c536-4e3d-942d-dedd2efe154e"
  Assets:CurrentAssets:ShopInventory:Jewelry 1758 HKD
  category: "Jewelry"
  sku: "DD20250801003"
  qty: 1
  referenceNo: "1385"
  orderId: "12d66fc5-7732-4dc0-8a08-a76705b62a65"
  type: "Bill Item"
  sourceId: "9eae3e0c-6acb-441e-a514-fa35a83e2ea1"
  Assets:CurrentAssets:ShopInventory:Jewelry 1679 HKD
  category: "Jewelry"
  sku: "DD20250801008"
  qty: 1
  referenceNo: "1385"
  orderId: "12d66fc5-7732-4dc0-8a08-a76705b62a65"
  type: "Bill Item"
  sourceId: "a330d5d2-f800-42a5-9a1d-875d4b0a451a"
  Assets:CurrentAssets:ShopInventory:Jewelry 1664 HKD
  category: "Jewelry"
  sku: "DD20250801005"
  qty: 1
  referenceNo: "1385"
  orderId: "12d66fc5-7732-4dc0-8a08-a76705b62a65"
  type: "Bill Item"
  sourceId: "df45cef1-b5f4-4379-8cb8-bac249b29a65"
  Assets:CurrentAssets:ShopInventory:Jewelry 3021 HKD
  category: "Jewelry"
  sku: "DD20250801006"
  qty: 1
  referenceNo: "1385"
  orderId: "12d66fc5-7732-4dc0-8a08-a76705b62a65"
  type: "Bill Item"
  sourceId: "1acc3551-5adf-428d-83f6-c589ad75fd63"
  Assets:CurrentAssets:ShopInventory:Jewelry 1363 HKD
  category: "Jewelry"
  sku: "DD20250801004"
  qty: 1
  referenceNo: "1385"
  orderId: "12d66fc5-7732-4dc0-8a08-a76705b62a65"
  type: "Bill Item"
  sourceId: "81d4ed7a-c65b-43ce-b6c1-e3d42044b88a"
  Assets:CurrentAssets:ShopInventory:Jewelry 1442 HKD
  category: "Jewelry"
  sku: "DD20250801002"
  qty: 1
  referenceNo: "1385"
  orderId: "12d66fc5-7732-4dc0-8a08-a76705b62a65"
  type: "Bill Item"
  sourceId: "0a104b58-657e-402b-97bd-84fb3331e539"
  Assets:CurrentAssets:ShopInventory:Jewelry -656 HKD
  category: "Jewelry"
  sku: "DD20250801010"
  qty: -1
  referenceNo: "1385"
  orderId: "12d66fc5-7732-4dc0-8a08-a76705b62a65"
  type: "Bill Item"
  sourceId: "4b15fd31-eb12-4ed7-a03b-c797428c5d83"
  Expenses:CostOfSales:Purchase:PurchaseItem:Buy18kJewelry 867 HKD
  qty: "1"
  description: "做貨BN2524 $867 +SAP2548-1 $156 +FNE2505 $656 =$1679"
  referenceNo: "1385"
  orderId: "12d66fc5-7732-4dc0-8a08-a76705b62a65"
  type: "Bill Item"
  sourceId: "cb38e20d-988a-4bc8-b7ce-58ac6d491da6"
  Expenses:CostOfSales:Purchase:PurchaseItem:Buy18kJewelry 1224 HKD
  qty: "1"
  description: "做貨 BR2537 $1224+SAP2536 $390=$1614"
  referenceNo: "1385"
  orderId: "12d66fc5-7732-4dc0-8a08-a76705b62a65"
  type: "Bill Item"
  sourceId: "359667ec-e212-45d2-a44c-6650aedbf75b"
  Expenses:CostOfSales:Purchase:PurchaseItem:Buy18kJewelry 1461 HKD
  qty: "1"
  description: "做貨BR2536 $1461+SAP2547 $1560=$3021"
  referenceNo: "1385"
  orderId: "12d66fc5-7732-4dc0-8a08-a76705b62a65"
  type: "Bill Item"
  sourceId: "1b60941c-e931-4505-af31-95ce4ff5685c"
  Expenses:CostOfSales:Purchase:PurchaseItem:Buy18kJewelry 1274 HKD
  qty: "1"
  description: "做貨BR2535 $1274+SAP2403 $390 =$1664"
  referenceNo: "1385"
  orderId: "12d66fc5-7732-4dc0-8a08-a76705b62a65"
  type: "Bill Item"
  sourceId: "46427ba5-8930-46dc-86aa-e15a0b49ad62"
  Expenses:CostOfSales:Purchase:PurchaseItem:Buy18kJewelry 1207 HKD
  qty: "1"
  description: "做貨BR2534 $1207 +SAP2548-3 $156 =$1363"
  referenceNo: "1385"
  orderId: "12d66fc5-7732-4dc0-8a08-a76705b62a65"
  type: "Bill Item"
  sourceId: "6e030a5d-63df-4e55-89dd-65de67e68944"
  Expenses:CostOfSales:Purchase:PurchaseItem:Buy18kJewelry 1446 HKD
  qty: "1"
  description: "做貨BR2533 $1446 +SAP2548-5/SAP2548 $312 =$1758"
  referenceNo: "1385"
  orderId: "12d66fc5-7732-4dc0-8a08-a76705b62a65"
  type: "Bill Item"
  sourceId: "3142bf5f-f3f2-4c78-9368-c4d37f746557"
  Expenses:CostOfSales:Purchase:PurchaseItem:Buy18kJewelry 1130 HKD
  qty: "1"
  description: "做貨BB2505 $1130 +SAP2556-1 $312 =$1442"
  referenceNo: "1385"
  orderId: "12d66fc5-7732-4dc0-8a08-a76705b62a65"
  type: "Bill Item"
  sourceId: "d6b560c6-a572-401b-9e19-c3223e366e64"
  Expenses:CostOfSales:Purchase:PurchaseItem:Buy18kJewelry 2561 HKD
  qty: "1"
  description: "做貨BN2523  $2561 +SAP2512  $585=$3146"
  referenceNo: "1385"
  orderId: "12d66fc5-7732-4dc0-8a08-a76705b62a65"
  type: "Bill Item"
  sourceId: "72837aab-7e0d-402e-a16e-7fe92b3cb393"
  Assets:CurrentAssets:ShopInventory:Jewelry -867 HKD
  qty: "-1"
  description: "做貨BN2524 $867 +SAP2548-1 $156 +FNE2505 $656 =$1679"
  referenceNo: "1385"
  orderId: "12d66fc5-7732-4dc0-8a08-a76705b62a65"
  type: "Bill Item"
  sourceId: "ec4f7288-1e41-4ec2-9291-7627306e78c1"
  Assets:CurrentAssets:ShopInventory:Jewelry -1224 HKD
  qty: "-1"
  description: "做貨 BR2537 $1224+SAP2536 $390=$1614"
  referenceNo: "1385"
  orderId: "12d66fc5-7732-4dc0-8a08-a76705b62a65"
  type: "Bill Item"
  sourceId: "48e79351-51ce-44ce-8aa0-0688db8efe09"
  Assets:CurrentAssets:ShopInventory:Jewelry -1461 HKD
  qty: "-1"
  description: "做貨BR2536 $1461+SAP2547 $1560=$3021"
  referenceNo: "1385"
  orderId: "12d66fc5-7732-4dc0-8a08-a76705b62a65"
  type: "Bill Item"
  sourceId: "d840bac7-7115-48c1-8be1-15e39304ea0a"
  Assets:CurrentAssets:ShopInventory:Jewelry -1274 HKD
  qty: "-1"
  description: "做貨BR2535 $1274+SAP2403 $390 =$1664"
  referenceNo: "1385"
  orderId: "12d66fc5-7732-4dc0-8a08-a76705b62a65"
  type: "Bill Item"
  sourceId: "896ac160-8c21-415d-bd85-9e520f4015dc"
  Assets:CurrentAssets:ShopInventory:Jewelry -1207 HKD
  qty: "-1"
  description: "做貨BR2534 $1207 +SAP2548-3 $156 =$1363"
  referenceNo: "1385"
  orderId: "12d66fc5-7732-4dc0-8a08-a76705b62a65"
  type: "Bill Item"
  sourceId: "7fb24024-9d35-415b-81a5-085a290f9db3"
  Assets:CurrentAssets:ShopInventory:Jewelry -1446 HKD
  qty: "-1"
  description: "做貨BR2533 $1446 +SAP2548-5/SAP2548 $312 =$1758"
  referenceNo: "1385"
  orderId: "12d66fc5-7732-4dc0-8a08-a76705b62a65"
  type: "Bill Item"
  sourceId: "0b7b0f35-f972-40d9-998f-6f4be2b818a3"
  Assets:CurrentAssets:ShopInventory:Jewelry -1130 HKD
  qty: "-1"
  description: "做貨BB2505 $1130 +SAP2556-1 $312 =$1442"
  referenceNo: "1385"
  orderId: "12d66fc5-7732-4dc0-8a08-a76705b62a65"
  type: "Bill Item"
  sourceId: "241c6d3e-d68c-409c-a545-1d9cb21a711f"
  Assets:CurrentAssets:ShopInventory:Jewelry -2561 HKD
  qty: "-1"
  description: "做貨BN2523  $2561 +SAP2512  $585=$3146"
  referenceNo: "1385"
  orderId: "12d66fc5-7732-4dc0-8a08-a76705b62a65"
  type: "Bill Item"
  sourceId: "b2752252-cb8f-4f26-8b1f-49ed716e9cf5"
  Liabilities:CurrentLiabilities:AccountPayable
  referenceNo: "1385"
  orderId: "12d66fc5-7732-4dc0-8a08-a76705b62a65"
  type: "Bill"
  sourceId: "12d66fc5-7732-4dc0-8a08-a76705b62a65"
  contact: "86 13502891558 () [0855f826-2f3a-4788-bfb1-5f09653c1ad0]"
2025-08-04 * "Invoice #784 Order R24143 YG #9"
  Income:Sales:SalesItem:Sell18kJewelry -1900 HKD
  category: "Jewelry"
  sku: "DD20250821018"
  qty: 1
  referenceNo: "784"
  orderId: "53762179-850e-4858-9a94-897d04398166"
  type: "Invoice Item"
  sourceId: "17ea5c42-b2b5-4af1-a000-4fda36d452e9"
  Assets:CurrentAssets:AccountReceivable
  referenceNo: "784"
  orderId: "53762179-850e-4858-9a94-897d04398166"
  type: "Invoice"
  sourceId: "53762179-850e-4858-9a94-897d04398166"
  contact: "852 98753581 (No Name) [4f471665-6002-404c-9bcf-042b5625c90f]"
2025-08-04 * "Assets:CurrentAssets:Bank:BocSavingBank" "Invoice Payment for Invoice #784 #d3c5276e-b164-45ea-93fe-945591bd3b49"
  Assets:CurrentAssets:Bank:BocSavingBank 1900 HKD
  type: "Invoice Payment"
  sourceId: "d3c5276e-b164-45ea-93fe-945591bd3b49"
  referenceNo: "784"
  orderId: "53762179-850e-4858-9a94-897d04398166"
  Assets:CurrentAssets:AccountReceivable -1900 HKD
  type: "Invoice Payment"
  sourceId: "d3c5276e-b164-45ea-93fe-945591bd3b49"
  referenceNo: "784"
  orderId: "53762179-850e-4858-9a94-897d04398166"
  contact: "852 98753581 (No Name) [4f471665-6002-404c-9bcf-042b5625c90f]"
2025-08-07 * "Invoice #785 R24125 #15 / N24134 / E2503"
  Assets:CurrentAssets:ShopInventory:Jewelry -0 HKD
  category: "Other"
  sku: "Certificate"
  qty: 1
  referenceNo: "785"
  orderId: "f2c76196-4938-4033-8be5-21b01765e221"
  type: "Invoice Item"
  sourceId: "f977e5e6-7395-4f5c-9098-59f5f01fa852"
  Assets:CurrentAssets:ShopInventory:Jewelry -0 HKD
  category: "Other"
  sku: "Processing 001"
  qty: 1
  referenceNo: "785"
  orderId: "f2c76196-4938-4033-8be5-21b01765e221"
  type: "Invoice Item"
  sourceId: "d895cffc-2801-40b6-b4e3-c2defe5603a7"
  Income:Sales:SalesItem:Sell18kJewelry -2800 HKD
  category: "Jewelry"
  sku: "DD20250815001"
  qty: 1
  referenceNo: "785"
  orderId: "f2c76196-4938-4033-8be5-21b01765e221"
  type: "Invoice Item"
  sourceId: "a54c7f96-b51d-44ca-b897-504739276085"
  Income:Sales:SalesItem:Sell18kJewelry -3880 HKD
  category: "Jewelry"
  sku: "DD20250815003"
  qty: 1
  referenceNo: "785"
  orderId: "f2c76196-4938-4033-8be5-21b01765e221"
  type: "Invoice Item"
  sourceId: "a33c3b14-fdee-43e8-a0ae-dfa83d9d0593"
  Income:Sales:SalesItem:Sell18kJewelry -3300 HKD
  category: "Jewelry"
  sku: "DD20250815002"
  qty: 1
  referenceNo: "785"
  orderId: "f2c76196-4938-4033-8be5-21b01765e221"
  type: "Invoice Item"
  sourceId: "272404e6-19f5-4026-a82c-c59338b6fc9b"
  Assets:CurrentAssets:AccountReceivable
  referenceNo: "785"
  orderId: "f2c76196-4938-4033-8be5-21b01765e221"
  type: "Invoice"
  sourceId: "f2c76196-4938-4033-8be5-21b01765e221"
  contact: "852 95355472 (No Name) [097f169b-d58c-42c3-9e88-e0c47e3e0fd8]"
2025-08-07 * "Bill #1406 嚴丹鳳代鑲石 合併"
  referenceNo: "1406"
  orderId: "b223b542-de1b-48c4-8588-b0c64d6608b0"
  type: "Bill"
  Assets:CurrentAssets:ShopInventory:Jewelry -1240 HKD
  qty: "-1"
  description: "做貨BR2538 $1240+SAP2548-2 $156 =1396"
  referenceNo: "1406"
  orderId: "b223b542-de1b-48c4-8588-b0c64d6608b0"
  type: "Bill Item"
  sourceId: "810ca28b-0573-48c7-9a09-c7d6e50a556c"
  Expenses:CostOfSales:Purchase:PurchaseItem:Buy18kJewelry 1240 HKD
  qty: "1"
  description: "做貨BR2538 $1240（托）+SAP2548-2 $156 =1396 "
  referenceNo: "1406"
  orderId: "b223b542-de1b-48c4-8588-b0c64d6608b0"
  type: "Bill Item"
  sourceId: "0b31b68a-2f9f-4e46-b63e-25d9f4953667"
  Assets:CurrentAssets:ShopInventory:Jewelry 1396 HKD
  category: "Jewelry"
  sku: "DD20250807001"
  qty: 1
  referenceNo: "1406"
  orderId: "b223b542-de1b-48c4-8588-b0c64d6608b0"
  type: "Bill Item"
  sourceId: "466c9ecb-a57c-4a62-83d2-ba759b09616a"
  Assets:CurrentAssets:ShopInventory:Gemstones -156 HKD
  category: "Gem"
  sku: "SAP2548-2"
  qty: -1
  referenceNo: "1406"
  orderId: "b223b542-de1b-48c4-8588-b0c64d6608b0"
  type: "Bill Item"
  sourceId: "d7646c8e-efc0-4d25-9984-97875941d99f"
  Liabilities:CurrentLiabilities:AccountPayable
  referenceNo: "1406"
  orderId: "b223b542-de1b-48c4-8588-b0c64d6608b0"
  type: "Bill"
  sourceId: "b223b542-de1b-48c4-8588-b0c64d6608b0"
  contact: "86 13502891558 () [0855f826-2f3a-4788-bfb1-5f09653c1ad0]"
2025-08-07 * "Assets:CurrentAssets:Bank:BocSavingBank" "Invoice Payment for Invoice #785 #a66cb8e6-fe37-4823-857a-5715aef43b17"
  Assets:CurrentAssets:Bank:BocSavingBank 9980 HKD
  type: "Invoice Payment"
  sourceId: "a66cb8e6-fe37-4823-857a-5715aef43b17"
  referenceNo: "785"
  orderId: "f2c76196-4938-4033-8be5-21b01765e221"
  Assets:CurrentAssets:AccountReceivable -9980 HKD
  type: "Invoice Payment"
  sourceId: "a66cb8e6-fe37-4823-857a-5715aef43b17"
  referenceNo: "785"
  orderId: "f2c76196-4938-4033-8be5-21b01765e221"
  contact: "852 95355472 (No Name) [097f169b-d58c-42c3-9e88-e0c47e3e0fd8]"
2025-08-07 * "86 13502891558 () [0855f826-2f3a-4788-bfb1-5f09653c1ad0]" "Bill Payment for Bill #1406 #d24c9e1f-9dc9-4db3-8750-a51fe05fbe2f"
  contact: "86 13502891558 () [0855f826-2f3a-4788-bfb1-5f09653c1ad0]"
  Liabilities:CurrentLiabilities:AccountPayable 1240 HKD
  type: "Bill Payment"
  sourceId: "d24c9e1f-9dc9-4db3-8750-a51fe05fbe2f"
  referenceNo: "1406"
  orderId: "b223b542-de1b-48c4-8588-b0c64d6608b0"
  Assets:CurrentAssets:Cash:CashInHand -1240 HKD
  type: "Bill Payment"
  sourceId: "d24c9e1f-9dc9-4db3-8750-a51fe05fbe2f"
  referenceNo: "1406"
  orderId: "b223b542-de1b-48c4-8588-b0c64d6608b0"
2025-08-10 * "Invoice #787 Staff~ Vida"
  Income:Sales:SalesItem:SellBespokeorotherFee -3900 HKD
  category: "Jewelry"
  sku: "DDBESPOKE00000039"
  qty: 1
  referenceNo: "787"
  orderId: "daa70c05-eef1-4fec-b1c9-954ab0c5847f"
  type: "Invoice Item"
  sourceId: "aef3947a-5c6e-4e79-863b-d916754c53c2"
  Assets:CurrentAssets:AccountReceivable
  referenceNo: "787"
  orderId: "daa70c05-eef1-4fec-b1c9-954ab0c5847f"
  type: "Invoice"
  sourceId: "daa70c05-eef1-4fec-b1c9-954ab0c5847f"
  contact: "852 90551171 (VIDA) [e6849602-7837-4c55-9238-f7eacce03b4f]"
2025-08-13 * "Bill #1411 G17電費(2025-07月)"
  referenceNo: "1411"
  orderId: "a9dd4e9b-80e1-4b7a-9747-076c365ed0d5"
  type: "Bill"
  Expenses:GeneralExpense:ElectricityLightHeating 1861 HKD
  qty: "1"
  description: "G17電費(2025-07月)"
  referenceNo: "1411"
  orderId: "a9dd4e9b-80e1-4b7a-9747-076c365ed0d5"
  type: "Bill Item"
  sourceId: "ab15ca02-0e55-443a-96e7-66eed67565a1"
  Liabilities:CurrentLiabilities:AccountPayable
  referenceNo: "1411"
  orderId: "a9dd4e9b-80e1-4b7a-9747-076c365ed0d5"
  type: "Bill"
  sourceId: "a9dd4e9b-80e1-4b7a-9747-076c365ed0d5"
  contact: "880 806 () [53b8789a-4451-4a1f-84f7-a9c5da7ada1a]"
2025-08-13 * "880 806 () [53b8789a-4451-4a1f-84f7-a9c5da7ada1a]" "Bill Payment for Bill #1411 #85991fa8-a956-4e10-8264-4d9d9fb1923d"
  contact: "880 806 () [53b8789a-4451-4a1f-84f7-a9c5da7ada1a]"
  Liabilities:CurrentLiabilities:AccountPayable 1861 HKD
  type: "Bill Payment"
  sourceId: "85991fa8-a956-4e10-8264-4d9d9fb1923d"
  referenceNo: "1411"
  orderId: "a9dd4e9b-80e1-4b7a-9747-076c365ed0d5"
  Assets:CurrentAssets:Cash:CashInHand -1861 HKD
  type: "Bill Payment"
  sourceId: "85991fa8-a956-4e10-8264-4d9d9fb1923d"
  referenceNo: "1411"
  orderId: "a9dd4e9b-80e1-4b7a-9747-076c365ed0d5"
2025-08-13 * "Invoice #791 Order R24125 #13 WG"
  Income:Sales:SalesItem:Sell18kJewelry -2800 HKD
  category: "Jewelry"
  sku: "DD20250827001"
  qty: 1
  referenceNo: "791"
  orderId: "2f38e340-1211-4dfb-9b81-44da60c0198b"
  type: "Invoice Item"
  sourceId: "5ebc77d9-7212-435b-8ba7-a83dccec1a48"
  Assets:CurrentAssets:AccountReceivable
  referenceNo: "791"
  orderId: "2f38e340-1211-4dfb-9b81-44da60c0198b"
  type: "Invoice"
  sourceId: "2f38e340-1211-4dfb-9b81-44da60c0198b"
  contact: "852 96726068 (No Name) [33597af3-ec76-4e5b-8c15-a46367518542]"
2025-08-13 * "Assets:CurrentAssets:Bank:KpayBank" "Invoice Payment for Invoice #791 #8bf391cf-6124-469a-a7f5-c62a9719a7fc"
  Assets:CurrentAssets:Bank:KpayBank 2800 HKD
  type: "Invoice Payment"
  sourceId: "8bf391cf-6124-469a-a7f5-c62a9719a7fc"
  referenceNo: "791"
  orderId: "2f38e340-1211-4dfb-9b81-44da60c0198b"
  Assets:CurrentAssets:AccountReceivable -2800 HKD
  type: "Invoice Payment"
  sourceId: "8bf391cf-6124-469a-a7f5-c62a9719a7fc"
  referenceNo: "791"
  orderId: "2f38e340-1211-4dfb-9b81-44da60c0198b"
  contact: "852 96726068 (No Name) [33597af3-ec76-4e5b-8c15-a46367518542]"
2025-08-13 * "Invoice #796 Stock BR2502/R24157 Tour"
  Income:Sales:SalesItem:Sell18kJewelry -1500 HKD
  category: "Jewelry"
  sku: "DD2025041500000002"
  qty: 1
  referenceNo: "796"
  orderId: "c2802f5d-6189-4924-a3b1-506161ec9673"
  type: "Invoice Item"
  sourceId: "a9335d4b-b5e8-4cfa-abb6-ecb58f27e408"
  Income:Sales:SalesItem:Sell18kJewelry -2700 HKD
  category: "Jewelry"
  sku: "DD2024122700000017"
  qty: 1
  referenceNo: "796"
  orderId: "c2802f5d-6189-4924-a3b1-506161ec9673"
  type: "Invoice Item"
  sourceId: "53e513a2-8cb9-4de6-b4d1-32054c2af25d"
  Assets:CurrentAssets:AccountReceivable
  referenceNo: "796"
  orderId: "c2802f5d-6189-4924-a3b1-506161ec9673"
  type: "Invoice"
  sourceId: "c2802f5d-6189-4924-a3b1-506161ec9673"
  contact: "880 802 (Walk in) [42348712-7daa-4c29-93b7-756b472429a4]"
2025-08-15 * "Bill #1408 ERIC~補貨/客訂"
  referenceNo: "1408"
  orderId: "f5cd9477-ff29-411a-99c4-6df43d6c8063"
  type: "Bill"
  Expenses:CostOfSales:Purchase:PurchaseItem:Buy18kJewelry 2374 CNY
  category: "Jewelry"
  sku: "DD20250815002"
  qty: 1
  referenceNo: "1408"
  orderId: "f5cd9477-ff29-411a-99c4-6df43d6c8063"
  type: "Bill Item"
  sourceId: "56e5300e-c264-49c6-b4a6-60943ae8056e"
  Expenses:CostOfSales:Purchase:PurchaseItem:Buy18kJewelry 3134 CNY
  category: "Jewelry"
  sku: "DD20250815003"
  qty: 1
  referenceNo: "1408"
  orderId: "f5cd9477-ff29-411a-99c4-6df43d6c8063"
  type: "Bill Item"
  sourceId: "3f40f172-6774-47fb-83f9-1d2572ea3fca"
  Expenses:CostOfSales:Purchase:PurchaseItem:Buy18kJewelry 1804 CNY
  category: "Jewelry"
  sku: "DD20250815001"
  qty: 1
  referenceNo: "1408"
  orderId: "f5cd9477-ff29-411a-99c4-6df43d6c8063"
  type: "Bill Item"
  sourceId: "e5466a5e-829b-4b4d-bc38-e6cb61b2a8f5"
  Liabilities:CurrentLiabilities:AccountPayable
  referenceNo: "1408"
  orderId: "f5cd9477-ff29-411a-99c4-6df43d6c8063"
  type: "Bill"
  sourceId: "f5cd9477-ff29-411a-99c4-6df43d6c8063"
  contact: "86 97978678 (ERIC) [cb2cbf18-d8c3-40eb-a388-d7234ea70615]"
2025-08-15 * "86 97978678 (ERIC) [cb2cbf18-d8c3-40eb-a388-d7234ea70615]" "Bill Payment for Bill #1408 #3ad74432-5543-40f4-8eb9-a656e044a4e2"
  contact: "86 97978678 (ERIC) [cb2cbf18-d8c3-40eb-a388-d7234ea70615]"
  Liabilities:CurrentLiabilities:AccountPayable 7312 CNY
  type: "Bill Payment"
  sourceId: "3ad74432-5543-40f4-8eb9-a656e044a4e2"
  referenceNo: "1408"
  orderId: "f5cd9477-ff29-411a-99c4-6df43d6c8063"
  Assets:CurrentAssets:TradeDeposit:TradeDeposit-Eric -7312 CNY
  type: "Bill Payment"
  sourceId: "3ad74432-5543-40f4-8eb9-a656e044a4e2"
  referenceNo: "1408"
  orderId: "f5cd9477-ff29-411a-99c4-6df43d6c8063"
2025-08-15 * "Invoice #792 R24127 #11"
  Income:Sales:SalesItem:Sell18kJewelry -5400 HKD
  category: "Jewelry"
  sku: "DD2024071800000008"
  qty: 1
  referenceNo: "792"
  orderId: "2bba7ed9-ff77-4b44-935d-c68d02f24608"
  type: "Invoice Item"
  sourceId: "0045ba2b-cec2-47c5-8bbc-8eb000611295"
  Assets:CurrentAssets:AccountReceivable
  referenceNo: "792"
  orderId: "2bba7ed9-ff77-4b44-935d-c68d02f24608"
  type: "Invoice"
  sourceId: "2bba7ed9-ff77-4b44-935d-c68d02f24608"
  contact: "852 98091202 (No Name) [752705db-bd1a-478b-9d61-65afdf11c127]"
2025-08-15 * "Assets:CurrentAssets:Bank:KpayBank" "Invoice Payment for Invoice #792 #71361102-a72f-4680-a016-6b086a4b9671"
  Assets:CurrentAssets:Bank:KpayBank 5400 HKD
  type: "Invoice Payment"
  sourceId: "71361102-a72f-4680-a016-6b086a4b9671"
  referenceNo: "792"
  orderId: "2bba7ed9-ff77-4b44-935d-c68d02f24608"
  Assets:CurrentAssets:AccountReceivable -5400 HKD
  type: "Invoice Payment"
  sourceId: "71361102-a72f-4680-a016-6b086a4b9671"
  referenceNo: "792"
  orderId: "2bba7ed9-ff77-4b44-935d-c68d02f24608"
  contact: "852 98091202 (No Name) [752705db-bd1a-478b-9d61-65afdf11c127]"
2025-08-16 * "86 13502891558 () [0855f826-2f3a-4788-bfb1-5f09653c1ad0]" "Bill Payment for Bill #1412 #cae529fa-6996-4c5e-b962-10b0ae39a184"
  contact: "86 13502891558 () [0855f826-2f3a-4788-bfb1-5f09653c1ad0]"
  Liabilities:CurrentLiabilities:AccountPayable 17041 HKD
  type: "Bill Payment"
  sourceId: "cae529fa-6996-4c5e-b962-10b0ae39a184"
  referenceNo: "1412"
  orderId: "6dd341ae-077d-4984-ac1f-63af8fe23eb4"
  Assets:CurrentAssets:Cash:CashInHand -17041 HKD
  type: "Bill Payment"
  sourceId: "cae529fa-6996-4c5e-b962-10b0ae39a184"
  referenceNo: "1412"
  orderId: "6dd341ae-077d-4984-ac1f-63af8fe23eb4"
2025-08-17 * "Assets:CurrentAssets:Bank:KpayBank" "Invoice Payment for Invoice #793 #39767aaa-0dce-46ac-adfc-13e01c82c452"
  Assets:CurrentAssets:Bank:KpayBank 12700 HKD
  type: "Invoice Payment"
  sourceId: "39767aaa-0dce-46ac-adfc-13e01c82c452"
  referenceNo: "793"
  orderId: "1d5dcae3-9f01-44b9-9a6a-bf31ad570d69"
  Assets:CurrentAssets:AccountReceivable -12700 HKD
  type: "Invoice Payment"
  sourceId: "39767aaa-0dce-46ac-adfc-13e01c82c452"
  referenceNo: "793"
  orderId: "1d5dcae3-9f01-44b9-9a6a-bf31ad570d69"
  contact: "852 55266243 (No Name) [cb28fa96-468a-4a84-a6f7-f5f3ae9c5652]"
2025-08-17 * "Invoice #793 Stock BR2507/E2350/BN2505"
  Income:Sales:SalesItem:Sell18kJewelry -4800 HKD
  category: "Jewelry"
  sku: "DD2023112400000007"
  qty: 1
  referenceNo: "793"
  orderId: "1d5dcae3-9f01-44b9-9a6a-bf31ad570d69"
  type: "Invoice Item"
  sourceId: "3ae9b030-5036-40d0-8427-d25533b79b76"
  Income:Sales:SalesItem:Sell18kJewelry -3600 HKD
  category: "Jewelry"
  sku: "DD2025053100000010"
  qty: 1
  referenceNo: "793"
  orderId: "1d5dcae3-9f01-44b9-9a6a-bf31ad570d69"
  type: "Invoice Item"
  sourceId: "df24fac9-114b-4072-8895-3fab641e0e91"
  Income:Sales:SalesItem:Sell18kJewelry -4300 HKD
  category: "Jewelry"
  sku: "DD2025053100000004"
  qty: 1
  referenceNo: "793"
  orderId: "1d5dcae3-9f01-44b9-9a6a-bf31ad570d69"
  type: "Invoice Item"
  sourceId: "23b44352-ff66-4b8d-8db2-4e5a6bd77cac"
  Assets:CurrentAssets:AccountReceivable
  referenceNo: "793"
  orderId: "1d5dcae3-9f01-44b9-9a6a-bf31ad570d69"
  type: "Invoice"
  sourceId: "1d5dcae3-9f01-44b9-9a6a-bf31ad570d69"
  contact: "852 55266243 (No Name) [cb28fa96-468a-4a84-a6f7-f5f3ae9c5652]"
2025-08-18 * "880 806 () [53b8789a-4451-4a1f-84f7-a9c5da7ada1a]" "Bill Payment for Bill #1409 #207be1b4-fa80-4995-8a89-f40ee21bbe7f"
  contact: "880 806 () [53b8789a-4451-4a1f-84f7-a9c5da7ada1a]"
  Liabilities:CurrentLiabilities:AccountPayable 4769 HKD
  type: "Bill Payment"
  sourceId: "207be1b4-fa80-4995-8a89-f40ee21bbe7f"
  referenceNo: "1409"
  orderId: "feb7ec31-ba60-4539-9ba0-ba13054f90af"
  Assets:CurrentAssets:Cash:CashInHand -4769 HKD
  type: "Bill Payment"
  sourceId: "207be1b4-fa80-4995-8a89-f40ee21bbe7f"
  referenceNo: "1409"
  orderId: "feb7ec31-ba60-4539-9ba0-ba13054f90af"
2025-08-18 * "880 806 () [53b8789a-4451-4a1f-84f7-a9c5da7ada1a]" "Bill Payment for Bill #1410 #a8ca900e-d50b-4b1c-8d5a-9cd135e2612e"
  contact: "880 806 () [53b8789a-4451-4a1f-84f7-a9c5da7ada1a]"
  Liabilities:CurrentLiabilities:AccountPayable 358 HKD
  type: "Bill Payment"
  sourceId: "a8ca900e-d50b-4b1c-8d5a-9cd135e2612e"
  referenceNo: "1410"
  orderId: "2b3e7856-a518-471e-bad7-19a98d0159b0"
  Assets:CurrentAssets:Cash:CashInHand -358 HKD
  type: "Bill Payment"
  sourceId: "a8ca900e-d50b-4b1c-8d5a-9cd135e2612e"
  referenceNo: "1410"
  orderId: "2b3e7856-a518-471e-bad7-19a98d0159b0"
2025-08-18 * "Bill #1412 嚴丹鳳代鑲石 合併"
  referenceNo: "1412"
  orderId: "6dd341ae-077d-4984-ac1f-63af8fe23eb4"
  type: "Bill"
  Assets:CurrentAssets:ShopInventory:Gemstones -263 HKD
  category: "Gem"
  sku: "SAP2553-4"
  qty: -1
  referenceNo: "1412"
  orderId: "6dd341ae-077d-4984-ac1f-63af8fe23eb4"
  type: "Bill Item"
  sourceId: "25252ed9-3c12-401c-b31d-5327812e5502"
  Assets:CurrentAssets:ShopInventory:Gemstones -213 HKD
  category: "Gem"
  sku: "SAP2553-1"
  qty: -1
  referenceNo: "1412"
  orderId: "6dd341ae-077d-4984-ac1f-63af8fe23eb4"
  type: "Bill Item"
  sourceId: "ada0ffe7-14e9-4ea9-8944-1a570b843d56"
  Assets:CurrentAssets:ShopInventory:Gemstones -329 HKD
  category: "Gem"
  sku: "SAP2556-10"
  qty: -1
  referenceNo: "1412"
  orderId: "6dd341ae-077d-4984-ac1f-63af8fe23eb4"
  type: "Bill Item"
  sourceId: "bcda724d-ae54-4c60-8ad0-2bb268f52b1a"
  Assets:CurrentAssets:ShopInventory:Gemstones -390 HKD
  category: "Gem"
  sku: "SAP2550-5"
  qty: -1
  referenceNo: "1412"
  orderId: "6dd341ae-077d-4984-ac1f-63af8fe23eb4"
  type: "Bill Item"
  sourceId: "0c2d5dbd-3eda-4617-8d72-5f9eea8c030d"
  Assets:CurrentAssets:ShopInventory:Gemstones -686 HKD
  category: "Gem"
  sku: "SAP2550-1"
  qty: -1
  referenceNo: "1412"
  orderId: "6dd341ae-077d-4984-ac1f-63af8fe23eb4"
  type: "Bill Item"
  sourceId: "82c626c4-8b97-45eb-a272-598032cd812a"
  Assets:CurrentAssets:ShopInventory:Gemstones -86 HKD
  category: "Gem"
  sku: "GAR2506"
  qty: -1
  referenceNo: "1412"
  orderId: "6dd341ae-077d-4984-ac1f-63af8fe23eb4"
  type: "Bill Item"
  sourceId: "2c72f81f-05a6-48b5-8c22-faceb9ecd536"
  Assets:CurrentAssets:ShopInventory:Gemstones -312 HKD
  category: "Gem"
  sku: "SAP2556-2"
  qty: -1
  referenceNo: "1412"
  orderId: "6dd341ae-077d-4984-ac1f-63af8fe23eb4"
  type: "Bill Item"
  sourceId: "85d084e8-acaf-408d-abf3-68184a689b5f"
  Assets:CurrentAssets:ShopInventory:Gemstones -205 HKD
  category: "Gem"
  sku: "GAR2505"
  qty: -1
  referenceNo: "1412"
  orderId: "6dd341ae-077d-4984-ac1f-63af8fe23eb4"
  type: "Bill Item"
  sourceId: "d4c6160f-ac13-454e-b3e0-979534126688"
  Assets:CurrentAssets:ShopInventory:Gemstones -178 HKD
  category: "Gem"
  sku: "GAR2503"
  qty: -1
  referenceNo: "1412"
  orderId: "6dd341ae-077d-4984-ac1f-63af8fe23eb4"
  type: "Bill Item"
  sourceId: "20db0e27-e2dc-4a7b-b71d-171b7bd60c2c"
  Assets:CurrentAssets:ShopInventory:Gemstones -120 HKD
  category: "Gem"
  sku: "SAP2508"
  qty: -3
  referenceNo: "1412"
  orderId: "6dd341ae-077d-4984-ac1f-63af8fe23eb4"
  type: "Bill Item"
  sourceId: "22bfada3-95bc-47b7-a9bb-10a33b08b855"
  Assets:CurrentAssets:ShopInventory:Gemstones -1170 HKD
  category: "Gem"
  sku: "SAP2512"
  qty: -2
  referenceNo: "1412"
  orderId: "6dd341ae-077d-4984-ac1f-63af8fe23eb4"
  type: "Bill Item"
  sourceId: "1635a332-6ef1-48a5-b040-cb484c28471a"
  Assets:CurrentAssets:ShopInventory:Gemstones -219 HKD
  category: "Gem"
  sku: "SAP2553-2"
  qty: -1
  referenceNo: "1412"
  orderId: "6dd341ae-077d-4984-ac1f-63af8fe23eb4"
  type: "Bill Item"
  sourceId: "3ed93e2b-119c-45a6-9c47-6653c3df03b0"
  Assets:CurrentAssets:ShopInventory:Jewelry 1128 HKD
  category: "Jewelry"
  sku: "DD202508016008"
  qty: 1
  referenceNo: "1412"
  orderId: "6dd341ae-077d-4984-ac1f-63af8fe23eb4"
  type: "Bill Item"
  sourceId: "5c5f4fd0-2573-41de-817c-1d722598af3e"
  Assets:CurrentAssets:ShopInventory:Gemstones -372 HKD
  category: "Gem"
  sku: "SAP2554-16"
  qty: -1
  referenceNo: "1412"
  orderId: "6dd341ae-077d-4984-ac1f-63af8fe23eb4"
  type: "Bill Item"
  sourceId: "6b69d87d-0b33-4225-814b-aa30f08821dd"
  Assets:CurrentAssets:ShopInventory:Gemstones -454 HKD
  category: "Gem"
  sku: "SAP2550-17"
  qty: -1
  referenceNo: "1412"
  orderId: "6dd341ae-077d-4984-ac1f-63af8fe23eb4"
  type: "Bill Item"
  sourceId: "2cc4f833-200b-45eb-ac85-78ddb17494eb"
  Assets:CurrentAssets:ShopInventory:Jewelry 2226 HKD
  category: "Jewelry"
  sku: "DD202508016004"
  qty: 1
  referenceNo: "1412"
  orderId: "6dd341ae-077d-4984-ac1f-63af8fe23eb4"
  type: "Bill Item"
  sourceId: "8e36d162-fa96-414f-96e7-825cf7c567d4"
  Assets:CurrentAssets:ShopInventory:Jewelry 1887 HKD
  category: "Jewelry"
  sku: "DD202508016003"
  qty: 1
  referenceNo: "1412"
  orderId: "6dd341ae-077d-4984-ac1f-63af8fe23eb4"
  type: "Bill Item"
  sourceId: "cf278e1f-c0e7-4dbe-ae0b-d3f9da0c64be"
  Assets:CurrentAssets:ShopInventory:Jewelry 1102 HKD
  category: "Jewelry"
  sku: "DD202508016007"
  qty: 1
  referenceNo: "1412"
  orderId: "6dd341ae-077d-4984-ac1f-63af8fe23eb4"
  type: "Bill Item"
  sourceId: "65dae67e-ef41-4f73-b9fd-2cca5bb7dbd9"
  Assets:CurrentAssets:ShopInventory:Jewelry 1859 HKD
  category: "Jewelry"
  sku: "DD202508016010"
  qty: 1
  referenceNo: "1412"
  orderId: "6dd341ae-077d-4984-ac1f-63af8fe23eb4"
  type: "Bill Item"
  sourceId: "4cba372c-d39b-44b1-b43b-ac1c037b210d"
  Assets:CurrentAssets:ShopInventory:Jewelry 1496 HKD
  category: "Jewelry"
  sku: "DD202508016002"
  qty: 1
  referenceNo: "1412"
  orderId: "6dd341ae-077d-4984-ac1f-63af8fe23eb4"
  type: "Bill Item"
  sourceId: "e796d2de-73fa-40e4-80d8-86f278c009b7"
  Assets:CurrentAssets:ShopInventory:Jewelry 1838 HKD
  category: "Jewelry"
  sku: "DD202508016006"
  qty: 1
  referenceNo: "1412"
  orderId: "6dd341ae-077d-4984-ac1f-63af8fe23eb4"
  type: "Bill Item"
  sourceId: "f66ae418-06c7-45c9-8ee4-db83ebcd7161"
  Assets:CurrentAssets:ShopInventory:Jewelry 1816 HKD
  category: "Jewelry"
  sku: "DD202508016012"
  qty: 1
  referenceNo: "1412"
  orderId: "6dd341ae-077d-4984-ac1f-63af8fe23eb4"
  type: "Bill Item"
  sourceId: "3ebb9841-d0b8-4944-aef0-87f514c055ee"
  Assets:CurrentAssets:ShopInventory:Jewelry 1553 HKD
  category: "Jewelry"
  sku: "DD202508016005"
  qty: 1
  referenceNo: "1412"
  orderId: "6dd341ae-077d-4984-ac1f-63af8fe23eb4"
  type: "Bill Item"
  sourceId: "f5a79f7a-3d7e-4197-83b3-12f93106aee9"
  Assets:CurrentAssets:ShopInventory:Jewelry 1868 HKD
  category: "Jewelry"
  sku: "DD202508016011"
  qty: 1
  referenceNo: "1412"
  orderId: "6dd341ae-077d-4984-ac1f-63af8fe23eb4"
  type: "Bill Item"
  sourceId: "cf537581-f4d7-4d79-9100-6dd14f1957ef"
  Assets:CurrentAssets:ShopInventory:Jewelry 1874 HKD
  category: "Jewelry"
  sku: "DD202508016001"
  qty: 1
  referenceNo: "1412"
  orderId: "6dd341ae-077d-4984-ac1f-63af8fe23eb4"
  type: "Bill Item"
  sourceId: "4433e2a6-b10e-45ee-ba86-0b5e0b3662f9"
  Assets:CurrentAssets:ShopInventory:Jewelry 1808 HKD
  category: "Jewelry"
  sku: "DD202508016009"
  qty: 1
  referenceNo: "1412"
  orderId: "6dd341ae-077d-4984-ac1f-63af8fe23eb4"
  type: "Bill Item"
  sourceId: "4f4f150a-8d58-453a-83bc-7e3e0270555b"
  Assets:CurrentAssets:ShopInventory:Jewelry 1663 HKD
  category: "Jewelry"
  sku: "DD202508016013"
  qty: 1
  referenceNo: "1412"
  orderId: "6dd341ae-077d-4984-ac1f-63af8fe23eb4"
  type: "Bill Item"
  sourceId: "0997aa16-4828-45d2-8944-4d75297336f7"
  Expenses:CostOfSales:Purchase:PurchaseItem:Buy18kJewelry 1502 HKD
  qty: "1"
  description: "做貨BN2524 $836 + (SAP2554-16) $372 + (Chain) $666 = $1874"
  referenceNo: "1412"
  orderId: "6dd341ae-077d-4984-ac1f-63af8fe23eb4"
  type: "Bill Item"
  sourceId: "ebe39288-f30c-4427-aff6-a94618f55aa2"
  Expenses:CostOfSales:Purchase:PurchaseItem:Buy18kJewelry 1444 HKD
  qty: "1"
  description: "做貨BR2546 $1444 + (SAP2553-2) $219 = $1663"
  referenceNo: "1412"
  orderId: "6dd341ae-077d-4984-ac1f-63af8fe23eb4"
  type: "Bill Item"
  sourceId: "a5d40c4c-b868-4a07-b9fc-3ccb4f242802"
  Expenses:CostOfSales:Purchase:PurchaseItem:Buy18kJewelry 1130 HKD
  qty: "1"
  description: "做貨BB2509 $1130 + (SAP2550-1) $686 = $1816"
  referenceNo: "1412"
  orderId: "6dd341ae-077d-4984-ac1f-63af8fe23eb4"
  type: "Bill Item"
  sourceId: "c4308a6e-d318-448c-bbb4-45a3483b586f"
  Expenses:CostOfSales:Purchase:PurchaseItem:Buy18kJewelry 1243 HKD
  qty: "1"
  description: "做貨BB2508 $1243 + (SAP2512/SAP2508) $625 = $1868"
  referenceNo: "1412"
  orderId: "6dd341ae-077d-4984-ac1f-63af8fe23eb4"
  type: "Bill Item"
  sourceId: "83b31ecb-fd62-4153-be03-40f6223bb50e"
  Expenses:CostOfSales:Purchase:PurchaseItem:Buy18kJewelry 1234 HKD
  qty: "1"
  description: "加工BB2507 $1234 + (SAP2512/SAP2508) $625 = $1859"
  referenceNo: "1412"
  orderId: "6dd341ae-077d-4984-ac1f-63af8fe23eb4"
  type: "Bill Item"
  sourceId: "bc9ca7e8-8cb6-4b08-bdb3-732e6b1502c7"
  Expenses:CostOfSales:Purchase:PurchaseItem:Buy18kJewelry 1479 HKD
  qty: "1"
  description: "做貨BB2506 $1479 + (SAP2556-10) $329 = $1808"
  referenceNo: "1412"
  orderId: "6dd341ae-077d-4984-ac1f-63af8fe23eb4"
  type: "Bill Item"
  sourceId: "6dc64798-888a-415b-ae9b-92f1637f83bb"
  Expenses:CostOfSales:Purchase:PurchaseItem:Buy18kJewelry 1042 HKD
  qty: "1"
  description: "做貨BR2545 $1042 + (GAR2506) $86 = $1128"
  referenceNo: "1412"
  orderId: "6dd341ae-077d-4984-ac1f-63af8fe23eb4"
  type: "Bill Item"
  sourceId: "f9789e15-0570-494a-8410-5dc6a38b6ae9"
  Expenses:CostOfSales:Purchase:PurchaseItem:Buy18kJewelry 982 HKD
  qty: "1"
  description: "做貨BR2544 $982 + (SAP2508) $120 = $1102"
  referenceNo: "1412"
  orderId: "6dd341ae-077d-4984-ac1f-63af8fe23eb4"
  type: "Bill Item"
  sourceId: "6b2232b2-2300-4ced-abb2-dce44b3b0c24"
  Expenses:CostOfSales:Purchase:PurchaseItem:Buy18kJewelry 1633 HKD
  qty: "1"
  description: "做貨BR2543 $1633 + (GAR2505) $205 = $1838"
  referenceNo: "1412"
  orderId: "6dd341ae-077d-4984-ac1f-63af8fe23eb4"
  type: "Bill Item"
  sourceId: "fd9ff01d-1d3b-4ee3-956f-312ca8102fda"
  Expenses:CostOfSales:Purchase:PurchaseItem:Buy18kJewelry 1375 HKD
  qty: "1"
  description: "做貨BR2542 $1375 + (GAR2503) $178 = $1553"
  referenceNo: "1412"
  orderId: "6dd341ae-077d-4984-ac1f-63af8fe23eb4"
  type: "Bill Item"
  sourceId: "0f7f1adf-cee6-43f3-8d3c-e052f26d22a6"
  Expenses:CostOfSales:Purchase:PurchaseItem:Buy18kJewelry 1382 HKD
  qty: "1"
  description: "做貨BR2541 $1382 + (SAP2550-5/SAP2550-17) $844 = $2226"
  referenceNo: "1412"
  orderId: "6dd341ae-077d-4984-ac1f-63af8fe23eb4"
  type: "Bill Item"
  sourceId: "0b3be729-4030-45c6-866d-2867caddc38c"
  Expenses:CostOfSales:Purchase:PurchaseItem:Buy18kJewelry 1362 HKD
  qty: "1"
  description: "做貨BR2540 $1362 + (SAP2556-2/SAP2553-1) $525 = $1887"
  referenceNo: "1412"
  orderId: "6dd341ae-077d-4984-ac1f-63af8fe23eb4"
  type: "Bill Item"
  sourceId: "b53cea2b-db34-4f3c-89c8-7859a380764e"
  Expenses:CostOfSales:Purchase:PurchaseItem:Buy18kJewelry 1233 HKD
  qty: "1"
  description: "做貨BR2539 $1233 + (SAP2553-4) $263 = $1496"
  referenceNo: "1412"
  orderId: "6dd341ae-077d-4984-ac1f-63af8fe23eb4"
  type: "Bill Item"
  sourceId: "32128c40-5aa2-4dd9-841f-3f4814962612"
  Assets:CurrentAssets:ShopInventory:Gemstones -80 HKD
  category: "Gem"
  sku: "SAP2511"
  qty: -2
  referenceNo: "1412"
  orderId: "6dd341ae-077d-4984-ac1f-63af8fe23eb4"
  type: "Bill Item"
  sourceId: "2474c84a-5e33-40ed-8e78-231548af87b3"
  Assets:CurrentAssets:ShopInventory:Jewelry -1502 HKD
  qty: "-1"
  description: "做貨BN2524 $836 + (SAP2554-16) $372 + (Chain) $666 = $1874"
  referenceNo: "1412"
  orderId: "6dd341ae-077d-4984-ac1f-63af8fe23eb4"
  type: "Bill Item"
  sourceId: "97a49e65-ad42-4de7-94d6-d6e8a10c9d99"
  Assets:CurrentAssets:ShopInventory:Jewelry -1444 HKD
  qty: "-1"
  description: "做貨BR2546 $1444 + (SAP2553-2) $219 = $1663"
  referenceNo: "1412"
  orderId: "6dd341ae-077d-4984-ac1f-63af8fe23eb4"
  type: "Bill Item"
  sourceId: "0b2ab57d-c1c9-40f1-8541-282b19fef1e3"
  Assets:CurrentAssets:ShopInventory:Jewelry -1130 HKD
  qty: "-1"
  description: "做貨BB2509 $1130 + (SAP2550-1) $686 = $1816"
  referenceNo: "1412"
  orderId: "6dd341ae-077d-4984-ac1f-63af8fe23eb4"
  type: "Bill Item"
  sourceId: "f0121056-3433-440e-ab6d-b360453dfae2"
  Assets:CurrentAssets:ShopInventory:Jewelry -1243 HKD
  qty: "-1"
  description: "做貨BB2508 $1243 + (SAP2512/SAP2508) $625 = $1868"
  referenceNo: "1412"
  orderId: "6dd341ae-077d-4984-ac1f-63af8fe23eb4"
  type: "Bill Item"
  sourceId: "5f8d5b3d-427d-4243-8aad-7ecb49348831"
  Assets:CurrentAssets:ShopInventory:Jewelry -1234 HKD
  qty: "-1"
  description: "做貨BB2507 $1234 + (SAP2512/SAP2508) $625 = $1859"
  referenceNo: "1412"
  orderId: "6dd341ae-077d-4984-ac1f-63af8fe23eb4"
  type: "Bill Item"
  sourceId: "e569e0e0-fe8c-439f-8285-548f607ea116"
  Assets:CurrentAssets:ShopInventory:Jewelry -1479 HKD
  qty: "-1"
  description: "做貨BB2506 $1479 + (SAP2556-10) $329 = $1808"
  referenceNo: "1412"
  orderId: "6dd341ae-077d-4984-ac1f-63af8fe23eb4"
  type: "Bill Item"
  sourceId: "0d981eab-ccb6-43e9-ac26-5c74aab07399"
  Assets:CurrentAssets:ShopInventory:Jewelry -1042 HKD
  qty: "-1"
  description: "做貨BR2545 $1042 + (GAR2506) $86 = $1128"
  referenceNo: "1412"
  orderId: "6dd341ae-077d-4984-ac1f-63af8fe23eb4"
  type: "Bill Item"
  sourceId: "aaa73035-1a88-4d48-8478-8204d21bc037"
  Assets:CurrentAssets:ShopInventory:Jewelry -982 HKD
  qty: "-1"
  description: "做貨BR2544 $982 + (SAP2508) $120 = $1102"
  referenceNo: "1412"
  orderId: "6dd341ae-077d-4984-ac1f-63af8fe23eb4"
  type: "Bill Item"
  sourceId: "82706d14-f0c7-494c-9d4a-e73e4fb29fac"
  Assets:CurrentAssets:ShopInventory:Jewelry -1633 HKD
  qty: "-1"
  description: "做貨BR2543 $1633 + (GAR2505) $205 = $1838"
  referenceNo: "1412"
  orderId: "6dd341ae-077d-4984-ac1f-63af8fe23eb4"
  type: "Bill Item"
  sourceId: "462ae28e-a7f1-4c9a-8c66-e3d38f7a4614"
  Assets:CurrentAssets:ShopInventory:Jewelry -1375 HKD
  qty: "-1"
  description: "做貨BR2542 $1375 + (GAR2503) $178 = $1553"
  referenceNo: "1412"
  orderId: "6dd341ae-077d-4984-ac1f-63af8fe23eb4"
  type: "Bill Item"
  sourceId: "45eaf169-9ddd-4406-bda1-31fe7a17faa9"
  Assets:CurrentAssets:ShopInventory:Jewelry -1382 HKD
  qty: "-1"
  description: "做貨BR2541 $1382 + (SAP2550-5/SAP2550-17) $844 = $2226"
  referenceNo: "1412"
  orderId: "6dd341ae-077d-4984-ac1f-63af8fe23eb4"
  type: "Bill Item"
  sourceId: "9c9c6a0a-28f6-49d5-81e8-0afc0cf01119"
  Assets:CurrentAssets:ShopInventory:Jewelry -1362 HKD
  qty: "-1"
  description: "做貨BR2540 $1362 + (SAP2556-2/SAP2553-1) $525 = $1887"
  referenceNo: "1412"
  orderId: "6dd341ae-077d-4984-ac1f-63af8fe23eb4"
  type: "Bill Item"
  sourceId: "64a28316-2419-4047-81c6-0c55562afb4b"
  Assets:CurrentAssets:ShopInventory:Jewelry -1233 HKD
  qty: "-1"
  description: "做貨BR2539 $1233 + (SAP2553-4) $263 = $1496"
  referenceNo: "1412"
  orderId: "6dd341ae-077d-4984-ac1f-63af8fe23eb4"
  type: "Bill Item"
  sourceId: "534c93d4-7f82-488b-87b8-6af305e6f51c"
  Liabilities:CurrentLiabilities:AccountPayable
  referenceNo: "1412"
  orderId: "6dd341ae-077d-4984-ac1f-63af8fe23eb4"
  type: "Bill"
  sourceId: "6dd341ae-077d-4984-ac1f-63af8fe23eb4"
  contact: "86 13502891558 () [0855f826-2f3a-4788-bfb1-5f09653c1ad0]"
2025-08-21 * "86 13502891558 () [0855f826-2f3a-4788-bfb1-5f09653c1ad0]" "Bill Payment for Bill #1413 #d8dcfedf-cbb1-4ab9-a1c5-b7c95e6843da"
  contact: "86 13502891558 () [0855f826-2f3a-4788-bfb1-5f09653c1ad0]"
  Liabilities:CurrentLiabilities:AccountPayable 32422 HKD
  type: "Bill Payment"
  sourceId: "d8dcfedf-cbb1-4ab9-a1c5-b7c95e6843da"
  referenceNo: "1413"
  orderId: "2780a8ff-0345-466d-b30d-c1b9bcb70785"
  Assets:CurrentAssets:Cash:CashInHand -32422 HKD
  type: "Bill Payment"
  sourceId: "d8dcfedf-cbb1-4ab9-a1c5-b7c95e6843da"
  referenceNo: "1413"
  orderId: "2780a8ff-0345-466d-b30d-c1b9bcb70785"
2025-08-21 * "Invoice #795 Bespoke 18K Rainbow Sapphires Ring #14"
  Income:Sales:SalesItem:Sell18kJewelry -9800 HKD
  category: "Jewelry"
  sku: "DDBESPOKE00000040"
  qty: 1
  referenceNo: "795"
  orderId: "8579f21c-5449-4195-a39f-7195cf7387e3"
  type: "Invoice Item"
  sourceId: "3273abd7-570f-4377-9cd7-89b740cb66b4"
  Assets:CurrentAssets:AccountReceivable
  referenceNo: "795"
  orderId: "8579f21c-5449-4195-a39f-7195cf7387e3"
  type: "Invoice"
  sourceId: "8579f21c-5449-4195-a39f-7195cf7387e3"
  contact: "852 91718392 (No Name) [cf7bde8b-c523-4830-95d8-759fdf7ef984]"
2025-08-21 * "Assets:CurrentAssets:Bank:KpayBank" "Invoice Payment for Invoice #795 #ea07dc17-c0ac-40f9-86d9-c9734e44ef11"
  Assets:CurrentAssets:Bank:KpayBank 9800 HKD
  type: "Invoice Payment"
  sourceId: "ea07dc17-c0ac-40f9-86d9-c9734e44ef11"
  referenceNo: "795"
  orderId: "8579f21c-5449-4195-a39f-7195cf7387e3"
  Assets:CurrentAssets:AccountReceivable -9800 HKD
  type: "Invoice Payment"
  sourceId: "ea07dc17-c0ac-40f9-86d9-c9734e44ef11"
  referenceNo: "795"
  orderId: "8579f21c-5449-4195-a39f-7195cf7387e3"
  contact: "852 91718392 (No Name) [cf7bde8b-c523-4830-95d8-759fdf7ef984]"
2025-08-22 * "Invoice #822 Repair Ring Ref INV#795 bill #1414"
  Income:Sales:SalesItem:Sell-ForProcess交外廠加工 -0 HKD
  category: "Other"
  sku: "Processing 047"
  qty: 1
  referenceNo: "822"
  orderId: "8cd2fc6b-fcc4-48a5-9720-d3a205a9e8e1"
  type: "Invoice Item"
  sourceId: "5dd50e52-3118-4cf1-a91a-bfa208b2c496"
  Assets:CurrentAssets:AccountReceivable
  referenceNo: "822"
  orderId: "8cd2fc6b-fcc4-48a5-9720-d3a205a9e8e1"
  type: "Invoice"
  sourceId: "8cd2fc6b-fcc4-48a5-9720-d3a205a9e8e1"
  contact: "852 91718392 (No Name) [cf7bde8b-c523-4830-95d8-759fdf7ef984]"
2025-08-22 * "Assets:CurrentAssets:Bank:KpayBank" "Invoice Payment for Invoice #796 #3e859680-31d6-442f-8899-e970f5a53820"
  Assets:CurrentAssets:Bank:KpayBank 4200 HKD
  type: "Invoice Payment"
  sourceId: "3e859680-31d6-442f-8899-e970f5a53820"
  referenceNo: "796"
  orderId: "c2802f5d-6189-4924-a3b1-506161ec9673"
  Assets:CurrentAssets:AccountReceivable -4200 HKD
  type: "Invoice Payment"
  sourceId: "3e859680-31d6-442f-8899-e970f5a53820"
  referenceNo: "796"
  orderId: "c2802f5d-6189-4924-a3b1-506161ec9673"
  contact: "880 802 (Walk in) [42348712-7daa-4c29-93b7-756b472429a4]"
2025-08-22 * "Invoice #798 Stock BN2524"
  Income:Sales:SalesItem:Sell18kJewelry -2900 HKD
  category: "Jewelry"
  sku: "DD20250801008"
  qty: 1
  referenceNo: "798"
  orderId: "65539f86-8716-4c08-9d6c-d1432372c50d"
  type: "Invoice Item"
  sourceId: "11e8d6d4-6383-4e23-8ee1-e89cca2c205d"
  Assets:CurrentAssets:AccountReceivable
  referenceNo: "798"
  orderId: "65539f86-8716-4c08-9d6c-d1432372c50d"
  type: "Invoice"
  sourceId: "65539f86-8716-4c08-9d6c-d1432372c50d"
  contact: "852 96593452 (No Name) [b0e20be6-502b-413d-b70f-b96a7d4aa7d6]"
2025-08-22 * "Bill #1413 嚴丹鳳代鑲石 合併"
  referenceNo: "1413"
  orderId: "2780a8ff-0345-466d-b30d-c1b9bcb70785"
  type: "Bill"
  Assets:CurrentAssets:ShopInventory:Gemstones -93 HKD
  category: "Gem"
  sku: "SAP2552-6"
  qty: -1
  referenceNo: "1413"
  orderId: "2780a8ff-0345-466d-b30d-c1b9bcb70785"
  type: "Bill Item"
  sourceId: "23d7d74d-b66e-4822-bdf9-9fdb75ad6d8a"
  Assets:CurrentAssets:ShopInventory:Gemstones -578 HKD
  category: "Gem"
  sku: "SAP2551-1"
  qty: -1
  referenceNo: "1413"
  orderId: "2780a8ff-0345-466d-b30d-c1b9bcb70785"
  type: "Bill Item"
  sourceId: "d916a96f-db34-4c0f-b221-31bdd89c1711"
  Assets:CurrentAssets:ShopInventory:Gemstones -645 HKD
  category: "Gem"
  sku: "SAP2551-6"
  qty: -1
  referenceNo: "1413"
  orderId: "2780a8ff-0345-466d-b30d-c1b9bcb70785"
  type: "Bill Item"
  sourceId: "695487ba-6577-4bcd-89a1-0dbe55f4c242"
  Assets:CurrentAssets:ShopInventory:Gemstones -425 HKD
  category: "Gem"
  sku: "SAP2535-3"
  qty: -1
  referenceNo: "1413"
  orderId: "2780a8ff-0345-466d-b30d-c1b9bcb70785"
  type: "Bill Item"
  sourceId: "2106d89c-5f0e-40c3-85c8-b2025de0848c"
  Assets:CurrentAssets:ShopInventory:Gemstones -332 HKD
  category: "Gem"
  sku: "SAP2556-4"
  qty: -1
  referenceNo: "1413"
  orderId: "2780a8ff-0345-466d-b30d-c1b9bcb70785"
  type: "Bill Item"
  sourceId: "08560f99-2398-434e-83f1-bde32bb0e2d7"
  Assets:CurrentAssets:ShopInventory:Gemstones -186 HKD
  category: "Gem"
  sku: "SAP2552-5"
  qty: -1
  referenceNo: "1413"
  orderId: "2780a8ff-0345-466d-b30d-c1b9bcb70785"
  type: "Bill Item"
  sourceId: "6145d600-5485-4e84-bed8-92e8bd0b484b"
  Assets:CurrentAssets:ShopInventory:Gemstones -120 HKD
  category: "Gem"
  sku: "SAP2552-2"
  qty: -1
  referenceNo: "1413"
  orderId: "2780a8ff-0345-466d-b30d-c1b9bcb70785"
  type: "Bill Item"
  sourceId: "a3604777-a84c-400f-a09c-aa67d8b8dc52"
  Assets:CurrentAssets:ShopInventory:Gemstones -1076 HKD
  category: "Gem"
  sku: "SAP2424"
  qty: -1
  referenceNo: "1413"
  orderId: "2780a8ff-0345-466d-b30d-c1b9bcb70785"
  type: "Bill Item"
  sourceId: "ffef648e-8606-4540-a317-de731d0b269d"
  Assets:CurrentAssets:ShopInventory:Gemstones -515 HKD
  category: "Gem"
  sku: "SAP2551-7"
  qty: -1
  referenceNo: "1413"
  orderId: "2780a8ff-0345-466d-b30d-c1b9bcb70785"
  type: "Bill Item"
  sourceId: "ba96dc69-2a73-4d96-a549-ddf0ae878c26"
  Assets:CurrentAssets:ShopInventory:Gemstones -142 HKD
  category: "Gem"
  sku: "SAP2552-1"
  qty: -1
  referenceNo: "1413"
  orderId: "2780a8ff-0345-466d-b30d-c1b9bcb70785"
  type: "Bill Item"
  sourceId: "154166df-6c7c-4203-abcb-ca31dddc7af7"
  Assets:CurrentAssets:ShopInventory:Gemstones -156 HKD
  category: "Gem"
  sku: "SAP2552-3"
  qty: -1
  referenceNo: "1413"
  orderId: "2780a8ff-0345-466d-b30d-c1b9bcb70785"
  type: "Bill Item"
  sourceId: "36dd9985-ff84-41da-bc31-fcdf305d7821"
  Assets:CurrentAssets:ShopInventory:Gemstones -104 HKD
  category: "Gem"
  sku: "SAP2552-7"
  qty: -1
  referenceNo: "1413"
  orderId: "2780a8ff-0345-466d-b30d-c1b9bcb70785"
  type: "Bill Item"
  sourceId: "154ef935-2769-4825-bd78-35c621150ae4"
  Assets:CurrentAssets:ShopInventory:Gemstones -116 HKD
  category: "Gem"
  sku: "SAP2552-10"
  qty: -1
  referenceNo: "1413"
  orderId: "2780a8ff-0345-466d-b30d-c1b9bcb70785"
  type: "Bill Item"
  sourceId: "276d32c9-4f31-474d-b4fb-d9a878803e50"
  Assets:CurrentAssets:ShopInventory:Gemstones -784 HKD
  category: "Gem"
  sku: "AQ2501"
  qty: -1
  referenceNo: "1413"
  orderId: "2780a8ff-0345-466d-b30d-c1b9bcb70785"
  type: "Bill Item"
  sourceId: "6fa3f5e8-0771-4cf2-9f68-0a8e928d36d4"
  Assets:CurrentAssets:ShopInventory:Gemstones -112 HKD
  category: "Gem"
  sku: "SAP2552-9"
  qty: -1
  referenceNo: "1413"
  orderId: "2780a8ff-0345-466d-b30d-c1b9bcb70785"
  type: "Bill Item"
  sourceId: "b3347beb-9f77-42c0-b837-57536ad1465f"
  Assets:CurrentAssets:ShopInventory:Gemstones -548 HKD
  category: "Gem"
  sku: "SAP2535-2"
  qty: -1
  referenceNo: "1413"
  orderId: "2780a8ff-0345-466d-b30d-c1b9bcb70785"
  type: "Bill Item"
  sourceId: "8d6053b8-627b-4883-9fb0-481becd34abf"
  Assets:CurrentAssets:ShopInventory:Gemstones -549 HKD
  category: "Gem"
  sku: "SAP2551-4"
  qty: -1
  referenceNo: "1413"
  orderId: "2780a8ff-0345-466d-b30d-c1b9bcb70785"
  type: "Bill Item"
  sourceId: "73e0c057-5496-44c6-988a-b811be4de17b"
  Assets:CurrentAssets:ShopInventory:Gemstones -108 HKD
  category: "Gem"
  sku: "SAP2552-8"
  qty: -1
  referenceNo: "1413"
  orderId: "2780a8ff-0345-466d-b30d-c1b9bcb70785"
  type: "Bill Item"
  sourceId: "940fbd67-ca19-49f4-8e24-86e77bd39853"
  Assets:CurrentAssets:ShopInventory:Gemstones -436 HKD
  category: "Gem"
  sku: "SAP2535-1"
  qty: -1
  referenceNo: "1413"
  orderId: "2780a8ff-0345-466d-b30d-c1b9bcb70785"
  type: "Bill Item"
  sourceId: "93635648-68de-4ee2-a979-8025f072098f"
  Assets:CurrentAssets:ShopInventory:Gemstones -725 HKD
  category: "Gem"
  sku: "SAP2533"
  qty: -1
  referenceNo: "1413"
  orderId: "2780a8ff-0345-466d-b30d-c1b9bcb70785"
  type: "Bill Item"
  sourceId: "1c98e853-774e-458d-a8ac-bc2b7a4a7cae"
  Assets:CurrentAssets:ShopInventory:Gemstones -496 HKD
  category: "Gem"
  sku: "SAP2551-9"
  qty: -1
  referenceNo: "1413"
  orderId: "2780a8ff-0345-466d-b30d-c1b9bcb70785"
  type: "Bill Item"
  sourceId: "fbeeb34b-8706-4b2a-8ac8-24e2a976936a"
  Assets:CurrentAssets:ShopInventory:Gemstones -130 HKD
  category: "Gem"
  sku: "SAP2552-4"
  qty: -1
  referenceNo: "1413"
  orderId: "2780a8ff-0345-466d-b30d-c1b9bcb70785"
  type: "Bill Item"
  sourceId: "58ae0a94-95ad-4b75-8686-2f4380b2ce85"
  Assets:CurrentAssets:ShopInventory:Jewelry 1935 HKD
  category: "Jewelry"
  sku: "DD20250821007"
  qty: 1
  referenceNo: "1413"
  orderId: "2780a8ff-0345-466d-b30d-c1b9bcb70785"
  type: "Bill Item"
  sourceId: "f8917541-9131-47fc-919a-4320349d7a3b"
  Assets:CurrentAssets:ShopInventory:Jewelry 1779 HKD
  category: "Jewelry"
  sku: "DD20250821008"
  qty: 1
  referenceNo: "1413"
  orderId: "2780a8ff-0345-466d-b30d-c1b9bcb70785"
  type: "Bill Item"
  sourceId: "745a885f-d0f1-40a4-9208-f3b1873e345e"
  Assets:CurrentAssets:ShopInventory:Jewelry 1796 HKD
  category: "Jewelry"
  sku: "DD20250821011"
  qty: 1
  referenceNo: "1413"
  orderId: "2780a8ff-0345-466d-b30d-c1b9bcb70785"
  type: "Bill Item"
  sourceId: "154bccd3-aad8-45e6-8ca3-24f8ca427b2e"
  Assets:CurrentAssets:ShopInventory:Jewelry 2193 HKD
  category: "Jewelry"
  sku: "DD20250821001"
  qty: 1
  referenceNo: "1413"
  orderId: "2780a8ff-0345-466d-b30d-c1b9bcb70785"
  type: "Bill Item"
  sourceId: "b55e6d07-9792-404f-931c-33083e3adf6b"
  Assets:CurrentAssets:ShopInventory:Jewelry 1762 HKD
  category: "Jewelry"
  sku: "DD20250821015"
  qty: 1
  referenceNo: "1413"
  orderId: "2780a8ff-0345-466d-b30d-c1b9bcb70785"
  type: "Bill Item"
  sourceId: "2ef7d334-75bd-47a7-97cd-7a9a761081a8"
  Assets:CurrentAssets:ShopInventory:Jewelry 1080 HKD
  category: "Jewelry"
  sku: "DD20250821014"
  qty: 1
  referenceNo: "1413"
  orderId: "2780a8ff-0345-466d-b30d-c1b9bcb70785"
  type: "Bill Item"
  sourceId: "a8a1215f-ddd7-4984-9241-419b93abecfb"
  Assets:CurrentAssets:ShopInventory:Jewelry 1917 HKD
  category: "Jewelry"
  sku: "DD20250821006"
  qty: 1
  referenceNo: "1413"
  orderId: "2780a8ff-0345-466d-b30d-c1b9bcb70785"
  type: "Bill Item"
  sourceId: "89db27d6-80dc-4d18-a8b9-8bdb5b39b9b0"
  Assets:CurrentAssets:ShopInventory:Jewelry 1767 HKD
  category: "Jewelry"
  sku: "DD20250821005"
  qty: 1
  referenceNo: "1413"
  orderId: "2780a8ff-0345-466d-b30d-c1b9bcb70785"
  type: "Bill Item"
  sourceId: "36909ff2-9daf-4626-b8ee-d85f37836828"
  Assets:CurrentAssets:ShopInventory:Jewelry 2135 HKD
  category: "Jewelry"
  sku: "DD20250821010"
  qty: 1
  referenceNo: "1413"
  orderId: "2780a8ff-0345-466d-b30d-c1b9bcb70785"
  type: "Bill Item"
  sourceId: "9497059d-c03a-4384-858f-f0775bb19c46"
  Assets:CurrentAssets:ShopInventory:Jewelry 1745 HKD
  category: "Jewelry"
  sku: "DD20250821009"
  qty: 1
  referenceNo: "1413"
  orderId: "2780a8ff-0345-466d-b30d-c1b9bcb70785"
  type: "Bill Item"
  sourceId: "65d2971b-55a7-47e7-b3fb-50779067d88c"
  Assets:CurrentAssets:ShopInventory:Jewelry 10115 HKD
  category: "Jewelry"
  sku: "DD20250821017"
  qty: 1
  referenceNo: "1413"
  orderId: "2780a8ff-0345-466d-b30d-c1b9bcb70785"
  type: "Bill Item"
  sourceId: "7e7d93c3-0c68-40a8-b106-2add334ea3cd"
  Assets:CurrentAssets:ShopInventory:Jewelry 2543 HKD
  category: "Jewelry"
  sku: "DD20250821012"
  qty: 1
  referenceNo: "1413"
  orderId: "2780a8ff-0345-466d-b30d-c1b9bcb70785"
  type: "Bill Item"
  sourceId: "48050067-7e34-4046-a2ef-8376b3170cab"
  Assets:CurrentAssets:ShopInventory:Jewelry 2055 HKD
  category: "Jewelry"
  sku: "DD20250821013"
  qty: 1
  referenceNo: "1413"
  orderId: "2780a8ff-0345-466d-b30d-c1b9bcb70785"
  type: "Bill Item"
  sourceId: "0a3d37a4-fea9-4285-89b6-53948231bbdc"
  Assets:CurrentAssets:ShopInventory:Jewelry 1639 HKD
  category: "Jewelry"
  sku: "DD20250821002"
  qty: 1
  referenceNo: "1413"
  orderId: "2780a8ff-0345-466d-b30d-c1b9bcb70785"
  type: "Bill Item"
  sourceId: "bfb4c643-dcfb-4fae-a32e-f73a1d6e15a8"
  Expenses:CostOfSales:Purchase:PurchaseItem:Buy18kJewelry 1321 HKD
  category: "Jewelry"
  sku: "DD20250821018"
  qty: 1
  referenceNo: "1413"
  orderId: "2780a8ff-0345-466d-b30d-c1b9bcb70785"
  type: "Bill Item"
  sourceId: "403be0d4-171a-42e5-829c-b5b6c9c29140"
  Assets:CurrentAssets:ShopInventory:Jewelry 1377 HKD
  category: "Jewelry"
  sku: "DD20250821016"
  qty: 1
  referenceNo: "1413"
  orderId: "2780a8ff-0345-466d-b30d-c1b9bcb70785"
  type: "Bill Item"
  sourceId: "65dd10ec-1619-4f59-af51-d9ea75a35200"
  Assets:CurrentAssets:ShopInventory:Jewelry 1752 HKD
  category: "Jewelry"
  sku: "DD20250821003"
  qty: 1
  referenceNo: "1413"
  orderId: "2780a8ff-0345-466d-b30d-c1b9bcb70785"
  type: "Bill Item"
  sourceId: "8a48313e-1e4a-4313-bc7c-0c449c1221f2"
  Assets:CurrentAssets:ShopInventory:Jewelry -1151 HKD
  category: "Jewelry"
  sku: "Processing"
  qty: -1
  referenceNo: "1413"
  orderId: "2780a8ff-0345-466d-b30d-c1b9bcb70785"
  type: "Bill Item"
  sourceId: "7489b32a-5214-470c-8d91-7194a7bd8b31"
  Assets:CurrentAssets:ShopInventory:Jewelry 1737 HKD
  category: "Jewelry"
  sku: "DD20250821004"
  qty: 1
  referenceNo: "1413"
  orderId: "2780a8ff-0345-466d-b30d-c1b9bcb70785"
  type: "Bill Item"
  sourceId: "6d687b4c-bfc4-4697-88f4-ab3b19f5c8d8"
  Expenses:CostOfSales:Purchase:PurchaseItem:BuyCost-ProcessingFee 116 HKD
  category: "Other"
  sku: "Processing 001"
  qty: 1
  referenceNo: "1413"
  orderId: "2780a8ff-0345-466d-b30d-c1b9bcb70785"
  type: "Bill Item"
  sourceId: "e0e9a5e8-8f12-4228-9314-16d79de07ce4"
  Expenses:CostOfSales:Purchase:PurchaseItem:BuyCost-ProcessingFee 34 HKD
  category: "Other"
  sku: "Certificate"
  qty: 1
  referenceNo: "1413"
  orderId: "2780a8ff-0345-466d-b30d-c1b9bcb70785"
  type: "Bill Item"
  sourceId: "6fca8808-5bad-459c-8af7-d33d31d34a26"
  Expenses:CostOfSales:Purchase:PurchaseItem:Buy18kJewelry 1586 HKD
  category: "Jewelry"
  sku: "Processing"
  qty: 1
  referenceNo: "1413"
  orderId: "2780a8ff-0345-466d-b30d-c1b9bcb70785"
  type: "Bill Item"
  sourceId: "55d93946-f7c9-4d5e-9605-4bf9433be7d4"
  Expenses:CostOfSales:Purchase:PurchaseItem:Buy18kJewelry 829 HKD
  category: "Jewelry"
  sku: "Processing"
  qty: 1
  referenceNo: "1413"
  orderId: "2780a8ff-0345-466d-b30d-c1b9bcb70785"
  type: "Bill Item"
  sourceId: "d037b5f8-9929-4a42-a004-65e21bad909f"
  Expenses:CostOfSales:Purchase:PurchaseItem:Buy18kJewelry 901 HKD
  category: "Jewelry"
  sku: "Processing"
  qty: 1
  referenceNo: "1413"
  orderId: "2780a8ff-0345-466d-b30d-c1b9bcb70785"
  type: "Bill Item"
  sourceId: "357bcb42-613a-4c39-ba0e-3a7bd35a63b2"
  Expenses:CostOfSales:Purchase:PurchaseItem:Buy18kJewelry 960 HKD
  category: "Jewelry"
  sku: "Processing"
  qty: 1
  referenceNo: "1413"
  orderId: "2780a8ff-0345-466d-b30d-c1b9bcb70785"
  type: "Bill Item"
  sourceId: "47b5d36d-e796-4eb1-8726-3a095e51d651"
  Expenses:CostOfSales:Purchase:PurchaseItem:Buy18kJewelry 1271 HKD
  category: "Jewelry"
  sku: "Processing"
  qty: 1
  referenceNo: "1413"
  orderId: "2780a8ff-0345-466d-b30d-c1b9bcb70785"
  type: "Bill Item"
  sourceId: "8af9773b-55f0-46e1-a7cf-1fd6d15b16b0"
  Expenses:CostOfSales:Purchase:PurchaseItem:Buy18kJewelry 1467 HKD
  category: "Jewelry"
  sku: "Processing"
  qty: 1
  referenceNo: "1413"
  orderId: "2780a8ff-0345-466d-b30d-c1b9bcb70785"
  type: "Bill Item"
  sourceId: "2ff00db9-64c7-4385-b887-4c37d87d50c1"
  Expenses:CostOfSales:Purchase:PurchaseItem:Buy18kJewelry 1151 HKD
  category: "Jewelry"
  sku: "Processing"
  qty: 1
  referenceNo: "1413"
  orderId: "2780a8ff-0345-466d-b30d-c1b9bcb70785"
  type: "Bill Item"
  sourceId: "00d0a849-bda0-4616-b31c-adb03103b22c"
  Expenses:CostOfSales:Purchase:PurchaseItem:Buy18kJewelry 1410 HKD
  category: "Jewelry"
  sku: "Processing"
  qty: 1
  referenceNo: "1413"
  orderId: "2780a8ff-0345-466d-b30d-c1b9bcb70785"
  type: "Bill Item"
  sourceId: "f742d3dc-a30a-418d-a4e2-e63c783f9aa4"
  Expenses:CostOfSales:Purchase:PurchaseItem:Buy18kJewelry 1459 HKD
  category: "Jewelry"
  sku: "Processing"
  qty: 1
  referenceNo: "1413"
  orderId: "2780a8ff-0345-466d-b30d-c1b9bcb70785"
  type: "Bill Item"
  sourceId: "e067387f-7cb4-4111-93fb-4e83a3d62e6d"
  Expenses:CostOfSales:Purchase:PurchaseItem:Buy18kJewelry 1489 HKD
  category: "Jewelry"
  sku: "Processing"
  qty: 1
  referenceNo: "1413"
  orderId: "2780a8ff-0345-466d-b30d-c1b9bcb70785"
  type: "Bill Item"
  sourceId: "b2114c79-046f-4e8d-a3ec-647142822790"
  Expenses:CostOfSales:Purchase:PurchaseItem:Buy18kJewelry 1622 HKD
  category: "Jewelry"
  sku: "Processing"
  qty: 1
  referenceNo: "1413"
  orderId: "2780a8ff-0345-466d-b30d-c1b9bcb70785"
  type: "Bill Item"
  sourceId: "3af381bf-4dae-4d95-821c-6adcd7a2247a"
  Expenses:CostOfSales:Purchase:PurchaseItem:Buy18kJewelry 1509 HKD
  category: "Jewelry"
  sku: "Processing"
  qty: 1
  referenceNo: "1413"
  orderId: "2780a8ff-0345-466d-b30d-c1b9bcb70785"
  type: "Bill Item"
  sourceId: "e0ecc93f-9100-4242-984b-d14e7c57eded"
  Expenses:CostOfSales:Purchase:PurchaseItem:Buy18kJewelry 1188 HKD
  category: "Jewelry"
  sku: "Processing"
  qty: 1
  referenceNo: "1413"
  orderId: "2780a8ff-0345-466d-b30d-c1b9bcb70785"
  type: "Bill Item"
  sourceId: "b9eab412-ca33-49b8-be23-ea43b4b9c7c7"
  Expenses:CostOfSales:Purchase:PurchaseItem:Buy18kJewelry 1174 HKD
  category: "Jewelry"
  sku: "Processing"
  qty: 1
  referenceNo: "1413"
  orderId: "2780a8ff-0345-466d-b30d-c1b9bcb70785"
  type: "Bill Item"
  sourceId: "6189aa70-5fc8-4467-989d-308b23ff9a54"
  Expenses:CostOfSales:Purchase:PurchaseItem:Buy18kJewelry 1143 HKD
  category: "Jewelry"
  sku: "Processing"
  qty: 1
  referenceNo: "1413"
  orderId: "2780a8ff-0345-466d-b30d-c1b9bcb70785"
  type: "Bill Item"
  sourceId: "6475a234-7820-4dd4-9add-4a0a0b4e13c6"
  Expenses:CostOfSales:Purchase:PurchaseItem:Buy18kJewelry 1678 HKD
  category: "Jewelry"
  sku: "Processing"
  qty: 1
  referenceNo: "1413"
  orderId: "2780a8ff-0345-466d-b30d-c1b9bcb70785"
  type: "Bill Item"
  sourceId: "b598a832-f782-4cdb-8504-7f00a99aa39c"
  Assets:CurrentAssets:ShopInventory:Jewelry -1586 HKD
  category: "Jewelry"
  sku: "Processing"
  qty: -1
  referenceNo: "1413"
  orderId: "2780a8ff-0345-466d-b30d-c1b9bcb70785"
  type: "Bill Item"
  sourceId: "c52a75e0-e6e5-4d47-ae43-6f31549ed3a6"
  Assets:CurrentAssets:ShopInventory:Jewelry -829 HKD
  category: "Jewelry"
  sku: "Processing"
  qty: -1
  referenceNo: "1413"
  orderId: "2780a8ff-0345-466d-b30d-c1b9bcb70785"
  type: "Bill Item"
  sourceId: "926e096c-9bce-4d47-9ea5-fe9ba3946e64"
  Assets:CurrentAssets:ShopInventory:Jewelry -901 HKD
  category: "Jewelry"
  sku: "Processing"
  qty: -1
  referenceNo: "1413"
  orderId: "2780a8ff-0345-466d-b30d-c1b9bcb70785"
  type: "Bill Item"
  sourceId: "f8b66bdf-8034-45e9-9f68-631d3e431371"
  Assets:CurrentAssets:ShopInventory:Jewelry -960 HKD
  category: "Jewelry"
  sku: "Processing"
  qty: -1
  referenceNo: "1413"
  orderId: "2780a8ff-0345-466d-b30d-c1b9bcb70785"
  type: "Bill Item"
  sourceId: "8f7a9d5d-7998-4f2c-8cba-7a5499d156dc"
  Assets:CurrentAssets:ShopInventory:Jewelry -1271 HKD
  category: "Jewelry"
  sku: "Processing"
  qty: -1
  referenceNo: "1413"
  orderId: "2780a8ff-0345-466d-b30d-c1b9bcb70785"
  type: "Bill Item"
  sourceId: "dc19ed92-c708-4e15-af79-8667d06ad78a"
  Assets:CurrentAssets:ShopInventory:Jewelry -1467 HKD
  category: "Jewelry"
  sku: "Processing"
  qty: -1
  referenceNo: "1413"
  orderId: "2780a8ff-0345-466d-b30d-c1b9bcb70785"
  type: "Bill Item"
  sourceId: "774900cd-68b3-4f46-9ec2-b03d6abd44ea"
  Assets:CurrentAssets:ShopInventory:Jewelry -1410 HKD
  category: "Jewelry"
  sku: "Processing"
  qty: -1
  referenceNo: "1413"
  orderId: "2780a8ff-0345-466d-b30d-c1b9bcb70785"
  type: "Bill Item"
  sourceId: "b05db0e3-9739-4aae-975b-e2b304d79436"
  Assets:CurrentAssets:ShopInventory:Jewelry -1459 HKD
  category: "Jewelry"
  sku: "Processing"
  qty: -1
  referenceNo: "1413"
  orderId: "2780a8ff-0345-466d-b30d-c1b9bcb70785"
  type: "Bill Item"
  sourceId: "bdd6cd78-a22a-4b96-801b-77854582aaa0"
  Assets:CurrentAssets:ShopInventory:Jewelry -1489 HKD
  category: "Jewelry"
  sku: "Processing"
  qty: -1
  referenceNo: "1413"
  orderId: "2780a8ff-0345-466d-b30d-c1b9bcb70785"
  type: "Bill Item"
  sourceId: "f8f12097-2a17-4c5f-8707-12439c804de2"
  Assets:CurrentAssets:ShopInventory:Jewelry -1622 HKD
  category: "Jewelry"
  sku: "Processing"
  qty: -1
  referenceNo: "1413"
  orderId: "2780a8ff-0345-466d-b30d-c1b9bcb70785"
  type: "Bill Item"
  sourceId: "ca6714c3-943a-43f5-a889-8ea6aa3a3050"
  Assets:CurrentAssets:ShopInventory:Jewelry -1509 HKD
  category: "Jewelry"
  sku: "Processing"
  qty: -1
  referenceNo: "1413"
  orderId: "2780a8ff-0345-466d-b30d-c1b9bcb70785"
  type: "Bill Item"
  sourceId: "597c747a-d787-4af9-8710-78a648b3e194"
  Assets:CurrentAssets:ShopInventory:Jewelry -1188 HKD
  category: "Jewelry"
  sku: "Processing"
  qty: -1
  referenceNo: "1413"
  orderId: "2780a8ff-0345-466d-b30d-c1b9bcb70785"
  type: "Bill Item"
  sourceId: "c66e6783-73d6-44ff-be40-16f858a21b5b"
  Assets:CurrentAssets:ShopInventory:Jewelry -1174 HKD
  category: "Jewelry"
  sku: "Processing"
  qty: -1
  referenceNo: "1413"
  orderId: "2780a8ff-0345-466d-b30d-c1b9bcb70785"
  type: "Bill Item"
  sourceId: "39603a02-0848-45ab-8443-bdf012f0d4be"
  Assets:CurrentAssets:ShopInventory:Jewelry -1143 HKD
  category: "Jewelry"
  sku: "Processing"
  qty: -1
  referenceNo: "1413"
  orderId: "2780a8ff-0345-466d-b30d-c1b9bcb70785"
  type: "Bill Item"
  sourceId: "6d671c49-6912-4aaf-a810-b0f85c15ace6"
  Assets:CurrentAssets:ShopInventory:Jewelry -1678 HKD
  category: "Jewelry"
  sku: "Processing"
  qty: -1
  referenceNo: "1413"
  orderId: "2780a8ff-0345-466d-b30d-c1b9bcb70785"
  type: "Bill Item"
  sourceId: "7d0fa1c7-c9e5-4430-b7dd-c1c2e8a6a740"
  Liabilities:CurrentLiabilities:AccountPayable
  referenceNo: "1413"
  orderId: "2780a8ff-0345-466d-b30d-c1b9bcb70785"
  type: "Bill"
  sourceId: "2780a8ff-0345-466d-b30d-c1b9bcb70785"
  contact: "86 13502891558 () [0855f826-2f3a-4788-bfb1-5f09653c1ad0]"
2025-08-22 * "Bill #1415 Rainbow Ring Ref INV#1103"
  referenceNo: "1415"
  orderId: "0cae8869-f118-46cc-873c-c74e3e341f34"
  type: "Bill"
  Expenses:CostOfSales:Purchase:PurchaseItem:Buy18kJewelry 7000 HKD
  category: "Jewelry"
  sku: "DDBESPOKE00000040"
  qty: 1
  referenceNo: "1415"
  orderId: "0cae8869-f118-46cc-873c-c74e3e341f34"
  type: "Bill Item"
  sourceId: "8427e48b-ed92-41de-8550-7d42f5615497"
  Liabilities:CurrentLiabilities:AccountPayable
  referenceNo: "1415"
  orderId: "0cae8869-f118-46cc-873c-c74e3e341f34"
  type: "Bill"
  sourceId: "0cae8869-f118-46cc-873c-c74e3e341f34"
  contact: "852 96381990 (No Name) [c332a82a-edbe-49b6-a256-378a44155220]"
2025-08-22 * "Bill #1414 Repair Ring Ref INV#795"
  referenceNo: "1414"
  orderId: "94e65d97-0bc6-44df-84ff-b0642d5c1ea0"
  type: "Bill"
  Expenses:CostOfSales:Purchase:PurchaseItem:BuyCost-ProcessingFee 150 HKD
  category: "Other"
  sku: "Processing 047"
  qty: 1
  referenceNo: "1414"
  orderId: "94e65d97-0bc6-44df-84ff-b0642d5c1ea0"
  type: "Bill Item"
  sourceId: "bae5bae9-de98-481a-995c-291098f03f47"
  Liabilities:CurrentLiabilities:AccountPayable
  referenceNo: "1414"
  orderId: "94e65d97-0bc6-44df-84ff-b0642d5c1ea0"
  type: "Bill"
  sourceId: "94e65d97-0bc6-44df-84ff-b0642d5c1ea0"
  contact: "852 96221974 (強哥 首飾加工師傅) [cef6a8eb-0892-4a7c-bfdc-328752af4fd5]"
2025-08-22 * "852 96221974 (強哥 首飾加工師傅) [cef6a8eb-0892-4a7c-bfdc-328752af4fd5]" "Bill Payment for Bill #1414 #e78219ee-ce4e-412b-b77d-856fdb4db04d"
  contact: "852 96221974 (強哥 首飾加工師傅) [cef6a8eb-0892-4a7c-bfdc-328752af4fd5]"
  Liabilities:CurrentLiabilities:AccountPayable 150 HKD
  type: "Bill Payment"
  sourceId: "e78219ee-ce4e-412b-b77d-856fdb4db04d"
  referenceNo: "1414"
  orderId: "94e65d97-0bc6-44df-84ff-b0642d5c1ea0"
  Assets:CurrentAssets:Cash:CashInHand -150 HKD
  type: "Bill Payment"
  sourceId: "e78219ee-ce4e-412b-b77d-856fdb4db04d"
  referenceNo: "1414"
  orderId: "94e65d97-0bc6-44df-84ff-b0642d5c1ea0"
2025-08-23 * "Invoice #820 Repair bracelet Ref bill #1416 inv #608"
  Income:Sales:SalesItem:Sell-ForProcess交外廠加工 -0 HKD
  category: "Other"
  sku: "Processing 045"
  qty: 1
  referenceNo: "820"
  orderId: "4b369597-2d8a-41b7-8caa-40f63cf9570a"
  type: "Invoice Item"
  sourceId: "ad8eaffe-ba5e-485b-9456-b584201926ee"
  Assets:CurrentAssets:AccountReceivable
  referenceNo: "820"
  orderId: "4b369597-2d8a-41b7-8caa-40f63cf9570a"
  type: "Invoice"
  sourceId: "4b369597-2d8a-41b7-8caa-40f63cf9570a"
  contact: "852 62093677 (MR. LI ANTHONY) [66d9bf71-d062-4f2f-9413-6d0391cba3b3]"
2025-08-23 * "86 97978678 (ERIC) [cb2cbf18-d8c3-40eb-a388-d7234ea70615]" "Bill Payment for Bill #1417 #7375f489-9f7f-4494-a221-0c93ac986478"
  contact: "86 97978678 (ERIC) [cb2cbf18-d8c3-40eb-a388-d7234ea70615]"
  Liabilities:CurrentLiabilities:AccountPayable 2128 CNY
  type: "Bill Payment"
  sourceId: "7375f489-9f7f-4494-a221-0c93ac986478"
  referenceNo: "1417"
  orderId: "efba9b47-d2c8-43ed-aa07-908970640a5a"
  Assets:CurrentAssets:TradeDeposit:TradeDeposit-Eric -2128 CNY
  type: "Bill Payment"
  sourceId: "7375f489-9f7f-4494-a221-0c93ac986478"
  referenceNo: "1417"
  orderId: "efba9b47-d2c8-43ed-aa07-908970640a5a"
2025-08-23 * "Assets:CurrentAssets:Bank:KpayBank" "Invoice Payment for Invoice #787 #f6466658-a9c7-45ef-94b9-370886932cf0"
  Assets:CurrentAssets:Bank:KpayBank 3900 HKD
  type: "Invoice Payment"
  sourceId: "f6466658-a9c7-45ef-94b9-370886932cf0"
  referenceNo: "787"
  orderId: "daa70c05-eef1-4fec-b1c9-954ab0c5847f"
  Assets:CurrentAssets:AccountReceivable -3900 HKD
  type: "Invoice Payment"
  sourceId: "f6466658-a9c7-45ef-94b9-370886932cf0"
  referenceNo: "787"
  orderId: "daa70c05-eef1-4fec-b1c9-954ab0c5847f"
  contact: "852 90551171 (VIDA) [e6849602-7837-4c55-9238-f7eacce03b4f]"
2025-08-23 * "Bill #1416 Repair bracelet Ref INV#903"
  referenceNo: "1416"
  orderId: "e4014537-a114-4db3-87e6-c3470eb967e6"
  type: "Bill"
  Expenses:CostOfSales:Purchase:PurchaseItem:BuyCost-ProcessingFee 200 HKD
  category: "Other"
  sku: "Processing 045"
  qty: 1
  referenceNo: "1416"
  orderId: "e4014537-a114-4db3-87e6-c3470eb967e6"
  type: "Bill Item"
  sourceId: "ec942b55-fb59-4a8f-8263-3302f5a7a884"
  Liabilities:CurrentLiabilities:AccountPayable
  referenceNo: "1416"
  orderId: "e4014537-a114-4db3-87e6-c3470eb967e6"
  type: "Bill"
  sourceId: "e4014537-a114-4db3-87e6-c3470eb967e6"
  contact: "852 96221974 (強哥 首飾加工師傅) [cef6a8eb-0892-4a7c-bfdc-328752af4fd5]"
2025-08-23 * "852 96221974 (強哥 首飾加工師傅) [cef6a8eb-0892-4a7c-bfdc-328752af4fd5]" "Bill Payment for Bill #1416 #7fbeb624-4034-4edb-934e-902c37182031"
  contact: "852 96221974 (強哥 首飾加工師傅) [cef6a8eb-0892-4a7c-bfdc-328752af4fd5]"
  Liabilities:CurrentLiabilities:AccountPayable 200 HKD
  type: "Bill Payment"
  sourceId: "7fbeb624-4034-4edb-934e-902c37182031"
  referenceNo: "1416"
  orderId: "e4014537-a114-4db3-87e6-c3470eb967e6"
  Assets:CurrentAssets:Cash:CashInHand -200 HKD
  type: "Bill Payment"
  sourceId: "7fbeb624-4034-4edb-934e-902c37182031"
  referenceNo: "1416"
  orderId: "e4014537-a114-4db3-87e6-c3470eb967e6"
2025-08-23 * "Bill #1417 ERIC~補貨/客訂"
  referenceNo: "1417"
  orderId: "efba9b47-d2c8-43ed-aa07-908970640a5a"
  type: "Bill"
  Expenses:CostOfSales:Purchase:PurchaseItem:Buy18kJewelry 2128 CNY
  category: "Jewelry"
  sku: "DD20250821019"
  qty: 1
  referenceNo: "1417"
  orderId: "efba9b47-d2c8-43ed-aa07-908970640a5a"
  type: "Bill Item"
  sourceId: "d079af14-3e8b-42ac-b959-eeeffb8aabe9"
  Liabilities:CurrentLiabilities:AccountPayable
  referenceNo: "1417"
  orderId: "efba9b47-d2c8-43ed-aa07-908970640a5a"
  type: "Bill"
  sourceId: "efba9b47-d2c8-43ed-aa07-908970640a5a"
  contact: "86 97978678 (ERIC) [cb2cbf18-d8c3-40eb-a388-d7234ea70615]"
2025-08-24 * "Assets:CurrentAssets:Bank:KpayBank" "Invoice Payment for Invoice #798 #26c87b39-5b65-4b71-911d-c72f4a46a1f1"
  Assets:CurrentAssets:Bank:KpayBank 2900 HKD
  type: "Invoice Payment"
  sourceId: "26c87b39-5b65-4b71-911d-c72f4a46a1f1"
  referenceNo: "798"
  orderId: "65539f86-8716-4c08-9d6c-d1432372c50d"
  Assets:CurrentAssets:AccountReceivable -2900 HKD
  type: "Invoice Payment"
  sourceId: "26c87b39-5b65-4b71-911d-c72f4a46a1f1"
  referenceNo: "798"
  orderId: "65539f86-8716-4c08-9d6c-d1432372c50d"
  contact: "852 96593452 (No Name) [b0e20be6-502b-413d-b70f-b96a7d4aa7d6]"
2025-08-25 * "Bill #1423 BOC VISA Card - David 8月 2025"
  referenceNo: "1423"
  orderId: "3160db3d-7a69-4b2c-8dd8-bc31fa58837a"
  type: "Bill"
  Expenses:OfficeExpenses 367.05 HKD
  qty: "1"
  description: "DKK 打印资料"
  referenceNo: "1423"
  orderId: "3160db3d-7a69-4b2c-8dd8-bc31fa58837a"
  type: "Bill Item"
  sourceId: "b0f87fe5-750e-41dc-b627-7a7d03c05d3d"
  Expenses:Subscriptions 159.49 HKD
  qty: "1"
  description: "VERCEL INC. USD 20 (22 Aug 2025)"
  referenceNo: "1423"
  orderId: "3160db3d-7a69-4b2c-8dd8-bc31fa58837a"
  type: "Bill Item"
  sourceId: "efb5f4e2-6ecb-44f7-8d2a-8bbe3425f4b8"
  Expenses:Subscriptions 102 HKD
  qty: "1"
  description: "Microsoft*Microsoft (26 July 2025)"
  referenceNo: "1423"
  orderId: "3160db3d-7a69-4b2c-8dd8-bc31fa58837a"
  type: "Bill Item"
  sourceId: "a738e41f-7932-4fa1-9b1e-e28c606086bb"
  Expenses:BankFeesExpense 0.74 HKD
  qty: "1"
  description: "Bank Fee - 集團 CCTV監控系統訂閱費 TP-LINK GLOBAL INC.1Aug 2025"
  referenceNo: "1423"
  orderId: "3160db3d-7a69-4b2c-8dd8-bc31fa58837a"
  type: "Bill Item"
  sourceId: "63f48a83-4d76-4df0-a8f5-5bc8b0a73999"
  Liabilities:CurrentLiabilities:CurrentAccount:C-a-MilwaysGoldLimited 3984.5 HKD
  qty: "1"
  description: "Milways Gold -  物資"
  referenceNo: "1423"
  orderId: "3160db3d-7a69-4b2c-8dd8-bc31fa58837a"
  type: "Bill Item"
  sourceId: "f47afbcb-642e-4496-9274-06eeaac2e1a3"
  Liabilities:CurrentLiabilities:CurrentAccount:C-a-MilwaysGoldLimited 93 HKD
  qty: "1"
  description: "集團 CCTV監控系統訂閱費 TP-LINK GLOBAL INC.1 Aug 2025"
  referenceNo: "1423"
  orderId: "3160db3d-7a69-4b2c-8dd8-bc31fa58837a"
  type: "Bill Item"
  sourceId: "bf411e5f-8e2f-491e-b722-306a7be31bf6"
  Liabilities:CurrentLiabilities:CurrentAccount:C-a-MilwaysFactoryLtd 6408.77 HKD
  qty: "1"
  description: "Milways Factory Ltd - 物資"
  referenceNo: "1423"
  orderId: "3160db3d-7a69-4b2c-8dd8-bc31fa58837a"
  type: "Bill Item"
  sourceId: "34cbaaa4-77e4-4d13-b673-eb29ff20e0fe"
  Liabilities:CurrentLiabilities:CurrentAccount:C-a-MilwaysFinanceLtd 2761.99 HKD
  qty: "1"
  description: "Milways Finance Ltd - 物資 (sipder卡)"
  referenceNo: "1423"
  orderId: "3160db3d-7a69-4b2c-8dd8-bc31fa58837a"
  type: "Bill Item"
  sourceId: "1084eaa4-f87d-4792-ac04-92915ba9d991"
  Liabilities:CurrentLiabilities:CurrentAccount:C-a-MilwaysGoldLlc 4812.53 HKD
  qty: "1"
  description: "Milways Gold LLC  - 物資"
  referenceNo: "1423"
  orderId: "3160db3d-7a69-4b2c-8dd8-bc31fa58837a"
  type: "Bill Item"
  sourceId: "13578c2c-0a11-4449-bce3-31cb0f513a57"
  Liabilities:CurrentLiabilities:AccountPayable
  referenceNo: "1423"
  orderId: "3160db3d-7a69-4b2c-8dd8-bc31fa58837a"
  type: "Bill"
  sourceId: "3160db3d-7a69-4b2c-8dd8-bc31fa58837a"
  contact: "880 806 () [53b8789a-4451-4a1f-84f7-a9c5da7ada1a]"
2025-08-25 * "Bill #1422 BOC VISA Card - Sam 8月 2025"
  referenceNo: "1422"
  orderId: "439857a7-9778-465f-806d-c7bca31a5443"
  type: "Bill"
  Liabilities:CurrentLiabilities:CurrentAccount:C-a-MilwaysGoldLimited 2391.36 HKD
  qty: "1"
  description: "Milways Gold - 淘寶雜項"
  referenceNo: "1422"
  orderId: "439857a7-9778-465f-806d-c7bca31a5443"
  type: "Bill Item"
  sourceId: "3b1ca4ea-80c8-4b52-9a53-c60f26485cd9"
  Liabilities:CurrentLiabilities:CurrentAccount:C-a-MilwaysGoldLimited 4256.67 HKD
  qty: "1"
  description: "DORIS 7月工資"
  referenceNo: "1422"
  orderId: "439857a7-9778-465f-806d-c7bca31a5443"
  type: "Bill Item"
  sourceId: "00448ce7-5ebb-4f74-a7e7-ea8d9769f539"
  Liabilities:CurrentLiabilities:CurrentAccount:C-a-MilwaysGoldLlc 732.64 HKD
  qty: "1"
  description: "迪拜辦公室用 拖板10隻"
  referenceNo: "1422"
  orderId: "439857a7-9778-465f-806d-c7bca31a5443"
  type: "Bill Item"
  sourceId: "0d9670d4-5be7-4c4e-9220-2f8ff225a6cb"
  Liabilities:CurrentLiabilities:AccountPayable
  referenceNo: "1422"
  orderId: "439857a7-9778-465f-806d-c7bca31a5443"
  type: "Bill"
  sourceId: "439857a7-9778-465f-806d-c7bca31a5443"
  contact: "880 806 () [53b8789a-4451-4a1f-84f7-a9c5da7ada1a]"
2025-08-25 * "880 806 () [53b8789a-4451-4a1f-84f7-a9c5da7ada1a]" "Bill Payment for Bill #1423 #5153896c-d3b3-49e8-80d5-479cc760b316"
  contact: "880 806 () [53b8789a-4451-4a1f-84f7-a9c5da7ada1a]"
  Liabilities:CurrentLiabilities:AccountPayable 18690.07 HKD
  type: "Bill Payment"
  sourceId: "5153896c-d3b3-49e8-80d5-479cc760b316"
  referenceNo: "1423"
  orderId: "3160db3d-7a69-4b2c-8dd8-bc31fa58837a"
  Assets:CurrentAssets:Bank:BocVisaCard-DavidBank -18690.07 HKD
  type: "Bill Payment"
  sourceId: "5153896c-d3b3-49e8-80d5-479cc760b316"
  referenceNo: "1423"
  orderId: "3160db3d-7a69-4b2c-8dd8-bc31fa58837a"
2025-08-25 * "880 806 () [53b8789a-4451-4a1f-84f7-a9c5da7ada1a]" "Bill Payment for Bill #1422 #4e4de10f-28e7-4530-a153-26b4cab577c9"
  contact: "880 806 () [53b8789a-4451-4a1f-84f7-a9c5da7ada1a]"
  Liabilities:CurrentLiabilities:AccountPayable 7380.67 HKD
  type: "Bill Payment"
  sourceId: "4e4de10f-28e7-4530-a153-26b4cab577c9"
  referenceNo: "1422"
  orderId: "439857a7-9778-465f-806d-c7bca31a5443"
  Assets:CurrentAssets:Bank:BocVisaCard-SamBank -7380.67 HKD
  type: "Bill Payment"
  sourceId: "4e4de10f-28e7-4530-a153-26b4cab577c9"
  referenceNo: "1422"
  orderId: "439857a7-9778-465f-806d-c7bca31a5443"
2025-08-25 * "Invoice #799 Order R24131 #13 "
  Income:Sales:SalesItem:Sell18kJewelry -2800 HKD
  category: "Jewelry"
  sku: "DD20250912001"
  qty: 1
  referenceNo: "799"
  orderId: "b633ef29-1d95-4520-bb6a-1e283c5f1ddd"
  type: "Invoice Item"
  sourceId: "45c6e249-2d9d-43d7-8d29-94f0686dca5d"
  Assets:CurrentAssets:AccountReceivable
  referenceNo: "799"
  orderId: "b633ef29-1d95-4520-bb6a-1e283c5f1ddd"
  type: "Invoice"
  sourceId: "b633ef29-1d95-4520-bb6a-1e283c5f1ddd"
  contact: "852 94918662 (No Name) [4cdc7637-8d38-40af-ad49-518d3e8fde61]"
2025-08-25 * "Assets:CurrentAssets:Bank:KpayBank" "Invoice Payment for Invoice #799 #c05733e5-4d57-41f6-bbaa-2509f1a8a1c1"
  Assets:CurrentAssets:Bank:KpayBank 1400 HKD
  type: "Invoice Payment"
  sourceId: "c05733e5-4d57-41f6-bbaa-2509f1a8a1c1"
  referenceNo: "799"
  orderId: "b633ef29-1d95-4520-bb6a-1e283c5f1ddd"
  Assets:CurrentAssets:AccountReceivable -1400 HKD
  type: "Invoice Payment"
  sourceId: "c05733e5-4d57-41f6-bbaa-2509f1a8a1c1"
  referenceNo: "799"
  orderId: "b633ef29-1d95-4520-bb6a-1e283c5f1ddd"
  contact: "852 94918662 (No Name) [4cdc7637-8d38-40af-ad49-518d3e8fde61]"
2025-08-26 * "86 97978678 (ERIC) [cb2cbf18-d8c3-40eb-a388-d7234ea70615]" "Bill Payment for Bill #1419 #8ebe1fc0-b80b-41c0-9f12-f7f66b3832df"
  contact: "86 97978678 (ERIC) [cb2cbf18-d8c3-40eb-a388-d7234ea70615]"
  Liabilities:CurrentLiabilities:AccountPayable 1804 CNY
  type: "Bill Payment"
  sourceId: "8ebe1fc0-b80b-41c0-9f12-f7f66b3832df"
  referenceNo: "1419"
  orderId: "9201e6f4-d62e-45a6-b481-b92b83d68383"
  Assets:CurrentAssets:TradeDeposit:TradeDeposit-Eric -1804 CNY
  type: "Bill Payment"
  sourceId: "8ebe1fc0-b80b-41c0-9f12-f7f66b3832df"
  referenceNo: "1419"
  orderId: "9201e6f4-d62e-45a6-b481-b92b83d68383"
2025-08-26 * "Bill #1419 ERIC~補貨/客訂"
  referenceNo: "1419"
  orderId: "9201e6f4-d62e-45a6-b481-b92b83d68383"
  type: "Bill"
  Expenses:CostOfSales:Purchase:PurchaseItem:Buy18kJewelry 1804 CNY
  category: "Jewelry"
  sku: "DD20250827001"
  qty: 1
  referenceNo: "1419"
  orderId: "9201e6f4-d62e-45a6-b481-b92b83d68383"
  type: "Bill Item"
  sourceId: "42486cd8-388f-40c8-a0c0-f30afefcee3d"
  Liabilities:CurrentLiabilities:AccountPayable
  referenceNo: "1419"
  orderId: "9201e6f4-d62e-45a6-b481-b92b83d68383"
  type: "Bill"
  sourceId: "9201e6f4-d62e-45a6-b481-b92b83d68383"
  contact: "86 97978678 (ERIC) [cb2cbf18-d8c3-40eb-a388-d7234ea70615]"
2025-08-27 * "Invoice #800 Stock B24195"
  Income:Sales:SalesItem:Sell18kJewelry -4200 HKD
  category: "Jewelry"
  sku: "DD2024112600000007"
  qty: 1
  referenceNo: "800"
  orderId: "152f140a-1253-41b5-a5b2-576489ed8c3a"
  type: "Invoice Item"
  sourceId: "931729ef-30c5-4d98-b980-87ddf2185d2b"
  Assets:CurrentAssets:AccountReceivable
  referenceNo: "800"
  orderId: "152f140a-1253-41b5-a5b2-576489ed8c3a"
  type: "Invoice"
  sourceId: "152f140a-1253-41b5-a5b2-576489ed8c3a"
  contact: "852 63186232 (No Name) [7c3a1c75-0a1a-4d3c-9d80-df63eb524f1a]"
2025-08-27 * "Bill #1447 G17上網(2025-08月) "
  referenceNo: "1447"
  orderId: "890e394d-75dd-47ae-a233-c73a8e0fa1ac"
  type: "Bill"
  Expenses:TelephoneAndInternetAndAlarm 358 HKD
  qty: "1"
  description: "G17上網(2025-08月) "
  referenceNo: "1447"
  orderId: "890e394d-75dd-47ae-a233-c73a8e0fa1ac"
  type: "Bill Item"
  sourceId: "acd7e8eb-cd66-40f3-83ad-1e15e292e2c9"
  Liabilities:CurrentLiabilities:AccountPayable
  referenceNo: "1447"
  orderId: "890e394d-75dd-47ae-a233-c73a8e0fa1ac"
  type: "Bill"
  sourceId: "890e394d-75dd-47ae-a233-c73a8e0fa1ac"
  contact: "880 806 () [53b8789a-4451-4a1f-84f7-a9c5da7ada1a]"
2025-08-27 * "Bill #1431 AE Credit Card payment (25年8月)"
  referenceNo: "1431"
  orderId: "a195056c-1fa7-4b05-8cdb-b57bd454861a"
  type: "Bill"
  Expenses:Subscriptions 3817.05 HKD
  qty: "1"
  description: "FACEBK *GEE5YXGZM2 DUBLIN"
  referenceNo: "1431"
  orderId: "a195056c-1fa7-4b05-8cdb-b57bd454861a"
  type: "Bill Item"
  sourceId: "3b77b129-318d-4060-8cd6-748f36e5fd36"
  Expenses:Subscriptions 1040.55 HKD
  qty: "1"
  description: "BT*SEMRUSH (USD 129.95)"
  referenceNo: "1431"
  orderId: "a195056c-1fa7-4b05-8cdb-b57bd454861a"
  type: "Bill Item"
  sourceId: "8175ddbe-57ca-4306-86dc-994e5b39ad4f"
  Expenses:Subscriptions 7500 HKD
  qty: "1"
  description: "FACEBK *9B5M9YYZM2 DUBLIN"
  referenceNo: "1431"
  orderId: "a195056c-1fa7-4b05-8cdb-b57bd454861a"
  type: "Bill Item"
  sourceId: "c6fe0507-273c-4639-a464-fd76b236b1be"
  Expenses:Subscriptions 1888.17 HKD
  qty: "1"
  description: "GOOGLE*GSUITE MILWAYS.C CC GOOGLE.COM"
  referenceNo: "1431"
  orderId: "a195056c-1fa7-4b05-8cdb-b57bd454861a"
  type: "Bill Item"
  sourceId: "8912a76a-8534-4775-a7d5-f6998dc8b1dc"
  Expenses:Subscriptions 960.89 HKD
  qty: "1"
  description: "DUO.COM (USD 120)"
  referenceNo: "1431"
  orderId: "a195056c-1fa7-4b05-8cdb-b57bd454861a"
  type: "Bill Item"
  sourceId: "16bfcfdf-40da-4f77-8d95-02ffd8cbd84d"
  Expenses:BankFeesExpense 980 HKD
  qty: "1"
  description: "ANNUAL FEE "
  referenceNo: "1431"
  orderId: "a195056c-1fa7-4b05-8cdb-b57bd454861a"
  type: "Bill Item"
  sourceId: "79cbc723-baa9-44f9-9202-976a792a7238"
  Liabilities:CurrentLiabilities:CurrentAccount:C-a-MilwaysGoldLimited 3050 HKD
  qty: "1"
  description: "TRIP.COM ( Koren trip )"
  referenceNo: "1431"
  orderId: "a195056c-1fa7-4b05-8cdb-b57bd454861a"
  type: "Bill Item"
  sourceId: "03c2a2dd-dfef-4ed9-8a16-139c16348399"
  Liabilities:CurrentLiabilities:AccountPayable
  referenceNo: "1431"
  orderId: "a195056c-1fa7-4b05-8cdb-b57bd454861a"
  type: "Bill"
  sourceId: "a195056c-1fa7-4b05-8cdb-b57bd454861a"
  contact: "880 806 () [53b8789a-4451-4a1f-84f7-a9c5da7ada1a]"
2025-08-27 * "880 806 () [53b8789a-4451-4a1f-84f7-a9c5da7ada1a]" "Bill Payment for Bill #1447 #15122b11-c112-4d71-956a-ca0ac77083c3"
  contact: "880 806 () [53b8789a-4451-4a1f-84f7-a9c5da7ada1a]"
  Liabilities:CurrentLiabilities:AccountPayable 358 HKD
  type: "Bill Payment"
  sourceId: "15122b11-c112-4d71-956a-ca0ac77083c3"
  referenceNo: "1447"
  orderId: "890e394d-75dd-47ae-a233-c73a8e0fa1ac"
  Assets:CurrentAssets:Cash:CashInHand -358 HKD
  type: "Bill Payment"
  sourceId: "15122b11-c112-4d71-956a-ca0ac77083c3"
  referenceNo: "1447"
  orderId: "890e394d-75dd-47ae-a233-c73a8e0fa1ac"
2025-08-27 * "880 806 () [53b8789a-4451-4a1f-84f7-a9c5da7ada1a]" "Bill Payment for Bill #1431 #6c149148-0e39-46c0-83d2-9d164d3e1047"
  contact: "880 806 () [53b8789a-4451-4a1f-84f7-a9c5da7ada1a]"
  Liabilities:CurrentLiabilities:AccountPayable 19236.66 HKD
  type: "Bill Payment"
  sourceId: "6c149148-0e39-46c0-83d2-9d164d3e1047"
  referenceNo: "1431"
  orderId: "a195056c-1fa7-4b05-8cdb-b57bd454861a"
  Assets:CurrentAssets:Bank:BocSavingBank -19236.66 HKD
  type: "Bill Payment"
  sourceId: "6c149148-0e39-46c0-83d2-9d164d3e1047"
  referenceNo: "1431"
  orderId: "a195056c-1fa7-4b05-8cdb-b57bd454861a"
2025-08-27 * "Assets:CurrentAssets:Bank:KpayBank" "Invoice Payment for Invoice #800 #922a0949-5985-45cd-9358-e5a466ac7809"
  Assets:CurrentAssets:Bank:KpayBank 4200 HKD
  type: "Invoice Payment"
  sourceId: "922a0949-5985-45cd-9358-e5a466ac7809"
  referenceNo: "800"
  orderId: "152f140a-1253-41b5-a5b2-576489ed8c3a"
  Assets:CurrentAssets:AccountReceivable -4200 HKD
  type: "Invoice Payment"
  sourceId: "922a0949-5985-45cd-9358-e5a466ac7809"
  referenceNo: "800"
  orderId: "152f140a-1253-41b5-a5b2-576489ed8c3a"
  contact: "852 63186232 (No Name) [7c3a1c75-0a1a-4d3c-9d80-df63eb524f1a]"
2025-08-28 * "Invoice #819 ref inv #756 bill #1420 訂製RUBY RING 換石"
  Income:Sales:SalesItem:Sell-ForProcess交外廠加工 -0 HKD
  category: "Other"
  sku: "Processing 043"
  qty: 1
  referenceNo: "819"
  orderId: "e597d6f2-62e0-45be-baee-defa8fb641ca"
  type: "Invoice Item"
  sourceId: "48d0736f-9269-47c3-93f9-486a26db863a"
  Assets:CurrentAssets:AccountReceivable
  referenceNo: "819"
  orderId: "e597d6f2-62e0-45be-baee-defa8fb641ca"
  type: "Invoice"
  sourceId: "e597d6f2-62e0-45be-baee-defa8fb641ca"
  contact: "852 64805021 (No Name) [b36048d3-2b2f-431c-9bb9-2bdc23672daa]"
2025-08-28 * "852 96221974 (強哥 首飾加工師傅) [cef6a8eb-0892-4a7c-bfdc-328752af4fd5]" "Bill Payment for Bill #1420 #772b37f9-8685-4e34-9613-fe48a3806e34"
  contact: "852 96221974 (強哥 首飾加工師傅) [cef6a8eb-0892-4a7c-bfdc-328752af4fd5]"
  Liabilities:CurrentLiabilities:AccountPayable 300 HKD
  type: "Bill Payment"
  sourceId: "772b37f9-8685-4e34-9613-fe48a3806e34"
  referenceNo: "1420"
  orderId: "1ce2e3fd-e825-488c-997c-37f34a9bef05"
  Assets:CurrentAssets:Cash:CashInHand -300 HKD
  type: "Bill Payment"
  sourceId: "772b37f9-8685-4e34-9613-fe48a3806e34"
  referenceNo: "1420"
  orderId: "1ce2e3fd-e825-488c-997c-37f34a9bef05"
2025-08-28 * "Bill #1420 Ref inv#1060 RUBY 改石"
  referenceNo: "1420"
  orderId: "1ce2e3fd-e825-488c-997c-37f34a9bef05"
  type: "Bill"
  Expenses:CostOfSales:Purchase:PurchaseItem:BuyCost-ProcessingFee 300 HKD
  category: "Other"
  sku: "Processing 043"
  qty: 1
  referenceNo: "1420"
  orderId: "1ce2e3fd-e825-488c-997c-37f34a9bef05"
  type: "Bill Item"
  sourceId: "fa6c717b-9eb3-4526-b7c7-f2b6dc820e73"
  Liabilities:CurrentLiabilities:AccountPayable
  referenceNo: "1420"
  orderId: "1ce2e3fd-e825-488c-997c-37f34a9bef05"
  type: "Bill"
  sourceId: "1ce2e3fd-e825-488c-997c-37f34a9bef05"
  contact: "852 96221974 (強哥 首飾加工師傅) [cef6a8eb-0892-4a7c-bfdc-328752af4fd5]"
2025-08-28 * "Assets:CurrentAssets:Bank:KpayBank" "Invoice Payment for Invoice #756 #396c6e0c-ac13-41db-bbf8-e92b66c2f52b"
  Assets:CurrentAssets:Bank:KpayBank 8250 HKD
  type: "Invoice Payment"
  sourceId: "396c6e0c-ac13-41db-bbf8-e92b66c2f52b"
  referenceNo: "756"
  orderId: "86d93c6b-60fc-4437-acde-4cf08f0bdde7"
  Assets:CurrentAssets:AccountReceivable -8250 HKD
  type: "Invoice Payment"
  sourceId: "396c6e0c-ac13-41db-bbf8-e92b66c2f52b"
  referenceNo: "756"
  orderId: "86d93c6b-60fc-4437-acde-4cf08f0bdde7"
  contact: "852 64805021 (No Name) [b36048d3-2b2f-431c-9bb9-2bdc23672daa]"
2025-08-29 * "Bill #1432 SALARY 25年8月"
  referenceNo: "1432"
  orderId: "4e9f94c7-da82-4681-bff7-18c59a12fda7"
  type: "Bill"
  Expenses:WagesAndSalaries 71250 HKD
  qty: "1"
  description: " SALARY 25年8月"
  referenceNo: "1432"
  orderId: "4e9f94c7-da82-4681-bff7-18c59a12fda7"
  type: "Bill Item"
  sourceId: "f9d44673-17ea-4952-90f2-1bdc8d5b2754"
  Expenses:BankFeesExpense 2.1 HKD
  qty: "1"
  description: "bank fee  SALARY 25年8月"
  referenceNo: "1432"
  orderId: "4e9f94c7-da82-4681-bff7-18c59a12fda7"
  type: "Bill Item"
  sourceId: "34a2f453-85f0-4f98-8067-fbb3908cf78b"
  Liabilities:CurrentLiabilities:AccountPayable
  referenceNo: "1432"
  orderId: "4e9f94c7-da82-4681-bff7-18c59a12fda7"
  type: "Bill"
  sourceId: "4e9f94c7-da82-4681-bff7-18c59a12fda7"
  contact: "880 806 () [53b8789a-4451-4a1f-84f7-a9c5da7ada1a]"
2025-08-29 * "880 806 () [53b8789a-4451-4a1f-84f7-a9c5da7ada1a]" "Bill Payment for Bill #1432 #f314d400-886a-4ca8-b33a-62f26b85725b"
  contact: "880 806 () [53b8789a-4451-4a1f-84f7-a9c5da7ada1a]"
  Liabilities:CurrentLiabilities:AccountPayable 2.1 HKD
  type: "Bill Payment"
  sourceId: "f314d400-886a-4ca8-b33a-62f26b85725b"
  referenceNo: "1432"
  orderId: "4e9f94c7-da82-4681-bff7-18c59a12fda7"
  Assets:CurrentAssets:Bank:BocSavingBank -2.1 HKD
  type: "Bill Payment"
  sourceId: "f314d400-886a-4ca8-b33a-62f26b85725b"
  referenceNo: "1432"
  orderId: "4e9f94c7-da82-4681-bff7-18c59a12fda7"
2025-08-29 * "880 806 () [53b8789a-4451-4a1f-84f7-a9c5da7ada1a]" "Bill Payment for Bill #1432 #13fea4d9-0596-43f9-b934-9a0180ff1479"
  contact: "880 806 () [53b8789a-4451-4a1f-84f7-a9c5da7ada1a]"
  Liabilities:CurrentLiabilities:AccountPayable 71250 HKD
  type: "Bill Payment"
  sourceId: "13fea4d9-0596-43f9-b934-9a0180ff1479"
  referenceNo: "1432"
  orderId: "4e9f94c7-da82-4681-bff7-18c59a12fda7"
  Assets:CurrentAssets:Bank:BocSavingBank -71250 HKD
  type: "Bill Payment"
  sourceId: "13fea4d9-0596-43f9-b934-9a0180ff1479"
  referenceNo: "1432"
  orderId: "4e9f94c7-da82-4681-bff7-18c59a12fda7"
2025-08-30 * "Bill #1421 嚴丹鳳代鑲石 合併"
  referenceNo: "1421"
  orderId: "e556b92f-cb7b-4f48-89e3-5acdbf1f817d"
  type: "Bill"
  Expenses:CostOfSales:Purchase:PurchaseItem:Buy18kJewelry 676 HKD
  qty: "1"
  description: "ref#1413 BN2528 Cost + Chain $676"
  referenceNo: "1421"
  orderId: "e556b92f-cb7b-4f48-89e3-5acdbf1f817d"
  type: "Bill Item"
  sourceId: "2b186c81-dd0a-48b4-99f0-04c0ca2d942c"
  Expenses:CostOfSales:Purchase:PurchaseItem:Buy18kJewelry 1448 HKD
  qty: "1"
  description: "做貨 BR2554 $1448 + (AQ2502) $701  = $2149"
  referenceNo: "1421"
  orderId: "e556b92f-cb7b-4f48-89e3-5acdbf1f817d"
  type: "Bill Item"
  sourceId: "6d967afc-65cd-45fa-9002-5027e453c160"
  Expenses:CostOfSales:Purchase:PurchaseItem:Buy18kJewelry 3622 HKD
  category: "Jewelry"
  sku: "DD20250830005"
  qty: 1
  referenceNo: "1421"
  orderId: "e556b92f-cb7b-4f48-89e3-5acdbf1f817d"
  type: "Bill Item"
  sourceId: "ab33ea01-f558-4469-a719-60d8f633501b"
  Expenses:CostOfSales:Purchase:PurchaseItem:Buy18kJewelry 2291 HKD
  category: "Jewelry"
  sku: "DDBESPOKE00000041"
  qty: 1
  referenceNo: "1421"
  orderId: "e556b92f-cb7b-4f48-89e3-5acdbf1f817d"
  type: "Bill Item"
  sourceId: "4bc714a7-7e07-4c38-a8cc-b32f2db1e603"
  Expenses:CostOfSales:Purchase:PurchaseItem:Buy18kJewelry 2748 HKD
  category: "Jewelry"
  sku: "DD20250830004"
  qty: 1
  referenceNo: "1421"
  orderId: "e556b92f-cb7b-4f48-89e3-5acdbf1f817d"
  type: "Bill Item"
  sourceId: "84107293-71fc-4211-9a32-c13355645088"
  Expenses:CostOfSales:Purchase:PurchaseItem:Buy18kJewelry 3794 HKD
  category: "Jewelry"
  sku: "DD20250830003"
  qty: 1
  referenceNo: "1421"
  orderId: "e556b92f-cb7b-4f48-89e3-5acdbf1f817d"
  type: "Bill Item"
  sourceId: "79e0f485-9cce-4668-9972-4e492326cd06"
  Expenses:CostOfSales:Purchase:PurchaseItem:Buy18kJewelry 1465 HKD
  category: "Jewelry"
  sku: "DDBESPOKE00000043"
  qty: 1
  referenceNo: "1421"
  orderId: "e556b92f-cb7b-4f48-89e3-5acdbf1f817d"
  type: "Bill Item"
  sourceId: "da7d7b2b-29fc-4d77-afd1-419986a977af"
  Expenses:CostOfSales:Purchase:PurchaseItem:Buy18kJewelry 1450 HKD
  category: "Jewelry"
  sku: "DDBESPOKE00000042"
  qty: 1
  referenceNo: "1421"
  orderId: "e556b92f-cb7b-4f48-89e3-5acdbf1f817d"
  type: "Bill Item"
  sourceId: "89615a77-ea94-472d-8252-683f2b346468"
  Expenses:CostOfSales:Purchase:PurchaseItem:Buy18kJewelry 2519 HKD
  category: "Jewelry"
  sku: "DD20250830002"
  qty: 1
  referenceNo: "1421"
  orderId: "e556b92f-cb7b-4f48-89e3-5acdbf1f817d"
  type: "Bill Item"
  sourceId: "fbbe5980-8640-4b63-9086-ec0a442d5413"
  Assets:CurrentAssets:ShopInventory:Gemstones -701 HKD
  category: "Gem"
  sku: "AQ2502"
  qty: -1
  referenceNo: "1421"
  orderId: "e556b92f-cb7b-4f48-89e3-5acdbf1f817d"
  type: "Bill Item"
  sourceId: "7c0822f7-649d-406a-bc59-257e7a6cc24d"
  Expenses:CostOfSales:Purchase:PurchaseItem:BuyCost-ProcessingFee 206 HKD
  qty: "1"
  description: "ref#1413 BN2529/BE2502 再加工維修"
  referenceNo: "1421"
  orderId: "e556b92f-cb7b-4f48-89e3-5acdbf1f817d"
  type: "Bill Item"
  sourceId: "d2cb9460-438e-4d4c-8867-4a27e6efa1b4"
  Assets:CurrentAssets:ShopInventory:Jewelry -1448 HKD
  qty: "-1"
  description: "做貨 BR2554 $1448 + (AQ2502) $701= $2149"
  referenceNo: "1421"
  orderId: "e556b92f-cb7b-4f48-89e3-5acdbf1f817d"
  type: "Bill Item"
  sourceId: "74989e2f-2096-400f-ac29-6f0609fb8a28"
  Assets:CurrentAssets:ShopInventory:Jewelry 2149 HKD
  category: "Jewelry"
  sku: "DD20250830001"
  qty: 1
  referenceNo: "1421"
  orderId: "e556b92f-cb7b-4f48-89e3-5acdbf1f817d"
  type: "Bill Item"
  sourceId: "7ed28d3c-198d-481a-8020-8b3354810dbd"
  Liabilities:CurrentLiabilities:AccountPayable
  referenceNo: "1421"
  orderId: "e556b92f-cb7b-4f48-89e3-5acdbf1f817d"
  type: "Bill"
  sourceId: "e556b92f-cb7b-4f48-89e3-5acdbf1f817d"
  contact: "86 13502891558 () [0855f826-2f3a-4788-bfb1-5f09653c1ad0]"
2025-08-30 * "Invoice #802 Staff~ Vida"
  Income:Sales:SalesItem:Sell18kJewelry -1900 HKD
  category: "Jewelry"
  sku: "DDBESPOKE00000042"
  qty: 1
  referenceNo: "802"
  orderId: "e900208d-990c-4c96-b0a1-d305a5ce698b"
  type: "Invoice Item"
  sourceId: "8db07579-d0fc-4f23-8ae2-a552d94b97c5"
  Income:Sales:SalesItem:Sell18kJewelry -1900 HKD
  category: "Jewelry"
  sku: "DD2025053100000002"
  qty: 1
  referenceNo: "802"
  orderId: "e900208d-990c-4c96-b0a1-d305a5ce698b"
  type: "Invoice Item"
  sourceId: "13e54d56-3a57-4a44-8387-c4e3fcf9ac82"
  Assets:CurrentAssets:AccountReceivable
  referenceNo: "802"
  orderId: "e900208d-990c-4c96-b0a1-d305a5ce698b"
  type: "Invoice"
  sourceId: "e900208d-990c-4c96-b0a1-d305a5ce698b"
  contact: "852 90551171 (VIDA) [e6849602-7837-4c55-9238-f7eacce03b4f]"
2025-08-30 * "Assets:CurrentAssets:Bank:KpayBank" "Invoice Payment for Invoice #802 #7464f1e7-0d3f-4f50-acf9-5d4c7788e1b3"
  Assets:CurrentAssets:Bank:KpayBank 3800 HKD
  type: "Invoice Payment"
  sourceId: "7464f1e7-0d3f-4f50-acf9-5d4c7788e1b3"
  referenceNo: "802"
  orderId: "e900208d-990c-4c96-b0a1-d305a5ce698b"
  Assets:CurrentAssets:AccountReceivable -3800 HKD
  type: "Invoice Payment"
  sourceId: "7464f1e7-0d3f-4f50-acf9-5d4c7788e1b3"
  referenceNo: "802"
  orderId: "e900208d-990c-4c96-b0a1-d305a5ce698b"
  contact: "852 90551171 (VIDA) [e6849602-7837-4c55-9238-f7eacce03b4f]"
2025-08-31 * "86 13502891558 () [0855f826-2f3a-4788-bfb1-5f09653c1ad0]" "Bill Payment for Bill #1421 #045cee71-2ae1-4354-9d4e-ab7c40e4338c"
  contact: "86 13502891558 () [0855f826-2f3a-4788-bfb1-5f09653c1ad0]"
  Liabilities:CurrentLiabilities:AccountPayable 20219 HKD
  type: "Bill Payment"
  sourceId: "045cee71-2ae1-4354-9d4e-ab7c40e4338c"
  referenceNo: "1421"
  orderId: "e556b92f-cb7b-4f48-89e3-5acdbf1f817d"
  Assets:CurrentAssets:Cash:G17ShopCash -20219 HKD
  type: "Bill Payment"
  sourceId: "045cee71-2ae1-4354-9d4e-ab7c40e4338c"
  referenceNo: "1421"
  orderId: "e556b92f-cb7b-4f48-89e3-5acdbf1f817d"
2025-08-31 * "Assets:CurrentAssets:Bank:KpayBank" "Invoice Payment for Invoice #781 #c890e66a-5122-472f-a78c-893437cfc39b"
  Assets:CurrentAssets:Bank:KpayBank 1650 HKD
  type: "Invoice Payment"
  sourceId: "c890e66a-5122-472f-a78c-893437cfc39b"
  referenceNo: "781"
  orderId: "021f2cd6-b179-4b6a-99ba-fbe2b6bf892d"
  Assets:CurrentAssets:AccountReceivable -1650 HKD
  type: "Invoice Payment"
  sourceId: "c890e66a-5122-472f-a78c-893437cfc39b"
  referenceNo: "781"
  orderId: "021f2cd6-b179-4b6a-99ba-fbe2b6bf892d"
  contact: "852 97520630 (No Name) [ead89ace-0f8f-4ac1-bfde-26f446796d0f]"