; ORDER transactions for 2025-06

2025-06-02 * "852 27332222 () [9fff2798-f1db-47cb-8899-6d52f49f6715]" "Bill Payment for Bill #1353 #1d748c53-c42a-4c3e-8cd8-0ca6a039470d"
  Liabilities:CurrentLiabilities:AccountPayable 10.00 USD
  contact: "852 27332222 () [9fff2798-f1db-47cb-8899-6d52f49f6715]"
  type: "Bill Payment"
  sourceId: "1d748c53-c42a-4c3e-8cd8-0ca6a039470d"
  referenceNo: "1353"
  orderId: "c8c991c7-4eef-43df-95ef-2753c0b5b769"
  Assets:CurrentAssets:Cash:CashInHand -10.00 USD
  type: "Bill Payment"
  sourceId: "1d748c53-c42a-4c3e-8cd8-0ca6a039470d"
  referenceNo: "1353"
  orderId: "c8c991c7-4eef-43df-95ef-2753c0b5b769"
2025-06-02 * "Bill #1353 0.58CT+0.63CT & 144P 10.01CT"
  referenceNo: "1353"
  orderId: "c8c991c7-4eef-43df-95ef-2753c0b5b769"
  type: "Bill"
  Expenses:CostOfSales:Purchase:PurchaseItem:BuyGems 130.30 USD
  category: "Gem"
  sku: "SAP2509"
  qty: 1
  referenceNo: "1353"
  orderId: "c8c991c7-4eef-43df-95ef-2753c0b5b769"
  type: "Bill Item"
  sourceId: "f6b296d1-752d-4398-9930-4baf870078cb"
  Expenses:CostOfSales:Purchase:PurchaseItem:BuyGems 700.00 USD
  category: "Gem"
  sku: "SAP2511"
  qty: 144
  referenceNo: "1353"
  orderId: "c8c991c7-4eef-43df-95ef-2753c0b5b769"
  type: "Bill Item"
  sourceId: "68a02801-8981-4f5a-a50b-3406e38eea8c"
  Expenses:CostOfSales:Purchase:PurchaseItem:BuyGems 141.70 USD
  category: "Gem"
  sku: "SAP2510"
  qty: 1
  referenceNo: "1353"
  orderId: "c8c991c7-4eef-43df-95ef-2753c0b5b769"
  type: "Bill Item"
  sourceId: "c5e56499-9dd1-42d2-8d59-01249a274375"
  Liabilities:CurrentLiabilities:AccountPayable
  referenceNo: "1353"
  orderId: "c8c991c7-4eef-43df-95ef-2753c0b5b769"
  type: "Bill"
  sourceId: "c8c991c7-4eef-43df-95ef-2753c0b5b769"
  contact: "852 27332222 () [9fff2798-f1db-47cb-8899-6d52f49f6715]"
2025-06-02 * "852 27332222 () [9fff2798-f1db-47cb-8899-6d52f49f6715]" "Bill Payment for Bill #1353 #2752a6b8-ab3d-412a-9c12-4cfd3a1d128c"
  Liabilities:CurrentLiabilities:AccountPayable 962.00 USD
  contact: "852 27332222 () [9fff2798-f1db-47cb-8899-6d52f49f6715]"
  type: "Bill Payment"
  sourceId: "2752a6b8-ab3d-412a-9c12-4cfd3a1d128c"
  referenceNo: "1353"
  orderId: "c8c991c7-4eef-43df-95ef-2753c0b5b769"
  Assets:CurrentAssets:Cash:CashInHand -962.00 USD
  type: "Bill Payment"
  sourceId: "2752a6b8-ab3d-412a-9c12-4cfd3a1d128c"
  referenceNo: "1353"
  orderId: "c8c991c7-4eef-43df-95ef-2753c0b5b769"
2025-06-03 * "Invoice #722 STAFF~楠楠"
  Income:Sales:SalesItem:Sell18kJewelry -180.00 HKD
  category: "Jewelry"
  sku: "DD2025010800000006"
  qty: 1
  referenceNo: "722"
  orderId: "7dbcaf81-c60a-4867-8b84-e866785a3cf6"
  type: "Invoice Item"
  sourceId: "9899a711-eba8-4051-8401-c9478e8c7486"
  Assets:CurrentAssets:AccountReceivable
  referenceNo: "722"
  orderId: "7dbcaf81-c60a-4867-8b84-e866785a3cf6"
  type: "Invoice"
  sourceId: "7dbcaf81-c60a-4867-8b84-e866785a3cf6"
  contact: "852 84832520 () [60bd4e4f-a3ed-470c-9ba2-e44c6eb7d8ad]"
2025-06-03 * "Bill #1354 R2510"
  referenceNo: "1354"
  orderId: "f41e0dfe-9d38-4b94-a47c-83538fa7e78d"
  type: "Bill"
  Expenses:CostOfSales:Purchase:PurchaseItem:Buy18kJewelry 2186.50 HKD
  category: "Jewelry"
  sku: "DD2025060300000001"
  qty: 1
  referenceNo: "1354"
  orderId: "f41e0dfe-9d38-4b94-a47c-83538fa7e78d"
  type: "Bill Item"
  sourceId: "4b54fece-49ee-4c0b-a13f-bba29c3d238b"
  Liabilities:CurrentLiabilities:AccountPayable
  referenceNo: "1354"
  orderId: "f41e0dfe-9d38-4b94-a47c-83538fa7e78d"
  type: "Bill"
  sourceId: "f41e0dfe-9d38-4b94-a47c-83538fa7e78d"
  contact: "86 13502891558 () [0855f826-2f3a-4788-bfb1-5f09653c1ad0]"
2025-06-03 * "86 13502891558 () [0855f826-2f3a-4788-bfb1-5f09653c1ad0]" "Bill Payment for Bill #1354 #5ad121c4-bf95-41f7-b3c9-3be270b9bc10"
  Liabilities:CurrentLiabilities:AccountPayable 2186.50 HKD
  contact: "86 13502891558 () [0855f826-2f3a-4788-bfb1-5f09653c1ad0]"
  type: "Bill Payment"
  sourceId: "5ad121c4-bf95-41f7-b3c9-3be270b9bc10"
  referenceNo: "1354"
  orderId: "f41e0dfe-9d38-4b94-a47c-83538fa7e78d"
  Assets:CurrentAssets:Cash:CashInHand -2186.50 HKD
  type: "Bill Payment"
  sourceId: "5ad121c4-bf95-41f7-b3c9-3be270b9bc10"
  referenceNo: "1354"
  orderId: "f41e0dfe-9d38-4b94-a47c-83538fa7e78d"
2025-06-04 * "Bill #1357 ERIC~補貨/客訂"
  referenceNo: "1357"
  orderId: "11cf4cf6-3b9e-49f2-a796-f3839eeab28f"
  type: "Bill"
  Expenses:CostOfSales:Purchase:PurchaseItem:Buy18kJewelry 1804.00 CNY
  category: "Jewelry"
  sku: "DD2025060600000002"
  qty: 1
  referenceNo: "1357"
  orderId: "11cf4cf6-3b9e-49f2-a796-f3839eeab28f"
  type: "Bill Item"
  sourceId: "7d920838-7117-4f05-9f10-73fa2ce00441"
  Expenses:CostOfSales:Purchase:PurchaseItem:Buy18kJewelry 1804.00 CNY
  category: "Jewelry"
  sku: "DD2025060600000001"
  qty: 1
  referenceNo: "1357"
  orderId: "11cf4cf6-3b9e-49f2-a796-f3839eeab28f"
  type: "Bill Item"
  sourceId: "be49923e-6705-4e51-a835-01d68b13f06c"
  Expenses:CostOfSales:Purchase:PurchaseItem:Buy18kJewelry 1994.00 CNY
  category: "Jewelry"
  sku: "DD2025060600000003"
  qty: 1
  referenceNo: "1357"
  orderId: "11cf4cf6-3b9e-49f2-a796-f3839eeab28f"
  type: "Bill Item"
  sourceId: "0bc2929e-5d25-43a5-b9f9-2ad882762e60"
  Liabilities:CurrentLiabilities:AccountPayable
  referenceNo: "1357"
  orderId: "11cf4cf6-3b9e-49f2-a796-f3839eeab28f"
  type: "Bill"
  sourceId: "11cf4cf6-3b9e-49f2-a796-f3839eeab28f"
  contact: "86 97978678 (ERIC) [cb2cbf18-d8c3-40eb-a388-d7234ea70615]"
2025-06-04 * "86 13502891558 () [0855f826-2f3a-4788-bfb1-5f09653c1ad0]" "Bill Payment for Bill #1355 #86171d7c-0817-4ff9-8974-27205dcd7f5b"
  Liabilities:CurrentLiabilities:AccountPayable 25549.50 HKD
  contact: "86 13502891558 () [0855f826-2f3a-4788-bfb1-5f09653c1ad0]"
  type: "Bill Payment"
  sourceId: "86171d7c-0817-4ff9-8974-27205dcd7f5b"
  referenceNo: "1355"
  orderId: "e83c2314-7e80-40c0-b769-48d12485a105"
  Assets:CurrentAssets:Cash:CashInHand -25549.50 HKD
  type: "Bill Payment"
  sourceId: "86171d7c-0817-4ff9-8974-27205dcd7f5b"
  referenceNo: "1355"
  orderId: "e83c2314-7e80-40c0-b769-48d12485a105"
2025-06-05 * "Bill #1356 BANK FEE "
  referenceNo: "1356"
  orderId: "74e73917-4277-478c-983c-d085da411841"
  type: "Bill"
  Expenses:GeneralExpense:BankFeesExpense 1.92 USD
  qty: "1"
  description: "FR: HEREAUS  HKD 73029.85 (手續費USD 1.92)"
  referenceNo: "1356"
  orderId: "74e73917-4277-478c-983c-d085da411841"
  type: "Bill Item"
  sourceId: "3da099b8-38fd-4de4-b98c-df442c7327bc"
  Liabilities:CurrentLiabilities:AccountPayable
  referenceNo: "1356"
  orderId: "74e73917-4277-478c-983c-d085da411841"
  type: "Bill"
  sourceId: "74e73917-4277-478c-983c-d085da411841"
  contact: "880 806 () [53b8789a-4451-4a1f-84f7-a9c5da7ada1a]"
2025-06-05 * "880 806 () [53b8789a-4451-4a1f-84f7-a9c5da7ada1a]" "Bill Payment for Bill #1356 #dbc796ba-8654-4dbb-976a-1491e1eb73fb"
  Liabilities:CurrentLiabilities:AccountPayable 1.92 USD
  contact: "880 806 () [53b8789a-4451-4a1f-84f7-a9c5da7ada1a]"
  type: "Bill Payment"
  sourceId: "dbc796ba-8654-4dbb-976a-1491e1eb73fb"
  referenceNo: "1356"
  orderId: "74e73917-4277-478c-983c-d085da411841"
  Assets:CurrentAssets:Bank:BocSavingBank -1.92 USD
  type: "Bill Payment"
  sourceId: "dbc796ba-8654-4dbb-976a-1491e1eb73fb"
  referenceNo: "1356"
  orderId: "74e73917-4277-478c-983c-d085da411841"
2025-06-05 * "Invoice #723 Order R24137 #15"
  Income:Sales:SalesItem:Sell18kJewelry -6800.00 HKD
  category: "Jewelry"
  sku: "DK250703001"
  qty: 1
  referenceNo: "723"
  orderId: "f07b5b43-7ece-463c-94f5-7ac4ed04c444"
  type: "Invoice Item"
  sourceId: "dc20ed9d-7bef-4ac4-91c7-3937b9d04567"
  Assets:CurrentAssets:AccountReceivable
  referenceNo: "723"
  orderId: "f07b5b43-7ece-463c-94f5-7ac4ed04c444"
  type: "Invoice"
  sourceId: "f07b5b43-7ece-463c-94f5-7ac4ed04c444"
  contact: "852 60335752 (MSCHAN) [7a216702-b55c-43ab-b112-657670f35cda]"
2025-06-05 * "Assets:CurrentAssets:Bank:KpayBank" "Invoice Payment for Invoice #723 #e2de5bb5-cf04-4ef1-b4f7-3d3467ec13d3"
  Assets:CurrentAssets:Bank:KpayBank 3400.00 HKD
  type: "Invoice Payment"
  sourceId: "e2de5bb5-cf04-4ef1-b4f7-3d3467ec13d3"
  referenceNo: "723"
  orderId: "f07b5b43-7ece-463c-94f5-7ac4ed04c444"
  Assets:CurrentAssets:AccountReceivable -3400.00 HKD
  type: "Invoice Payment"
  sourceId: "e2de5bb5-cf04-4ef1-b4f7-3d3467ec13d3"
  referenceNo: "723"
  orderId: "f07b5b43-7ece-463c-94f5-7ac4ed04c444"
  contact: "852 60335752 (MSCHAN) [7a216702-b55c-43ab-b112-657670f35cda]"
2025-06-06 * "Bill #1359 6pics 2.98CT 32pics 5.71CT"
  referenceNo: "1359"
  orderId: "1e63863b-d73d-4683-84aa-46e2a46eeb6d"
  type: "Bill"
  Expenses:CostOfSales:Purchase:PurchaseItem:BuyGems 447.00 USD
  category: "Gem"
  sku: "SAP2512"
  qty: 6
  referenceNo: "1359"
  orderId: "1e63863b-d73d-4683-84aa-46e2a46eeb6d"
  type: "Bill Item"
  sourceId: "ad34a73f-5388-44f7-ad38-5c3ac4bff19f"
  Expenses:CostOfSales:Purchase:PurchaseItem:BuyGems 456.80 USD
  category: "Gem"
  sku: "SAP2513"
  qty: 32
  referenceNo: "1359"
  orderId: "1e63863b-d73d-4683-84aa-46e2a46eeb6d"
  type: "Bill Item"
  sourceId: "984fbeb3-edb5-4bcc-8b98-7de69e575ae1"
  Liabilities:CurrentLiabilities:AccountPayable
  referenceNo: "1359"
  orderId: "1e63863b-d73d-4683-84aa-46e2a46eeb6d"
  type: "Bill"
  sourceId: "1e63863b-d73d-4683-84aa-46e2a46eeb6d"
  contact: "852 27332222 () [9fff2798-f1db-47cb-8899-6d52f49f6715]"
2025-06-06 * "Assets:CurrentAssets:Bank:BocSavingBank" "Invoice Payment for Invoice #722 #b7a9399d-baf6-4feb-b2cb-b473f737f978"
  Assets:CurrentAssets:Bank:BocSavingBank 180.00 HKD
  type: "Invoice Payment"
  sourceId: "b7a9399d-baf6-4feb-b2cb-b473f737f978"
  referenceNo: "722"
  orderId: "7dbcaf81-c60a-4867-8b84-e866785a3cf6"
  Assets:CurrentAssets:AccountReceivable -180.00 HKD
  type: "Invoice Payment"
  sourceId: "b7a9399d-baf6-4feb-b2cb-b473f737f978"
  referenceNo: "722"
  orderId: "7dbcaf81-c60a-4867-8b84-e866785a3cf6"
  contact: "852 84832520 () [60bd4e4f-a3ed-470c-9ba2-e44c6eb7d8ad]"
2025-06-06 * "852 27332222 () [9fff2798-f1db-47cb-8899-6d52f49f6715]" "Bill Payment for Bill #1359 #d074be7f-abdb-4077-9a32-21884cf725b1"
  Liabilities:CurrentLiabilities:AccountPayable 900.00 USD
  contact: "852 27332222 () [9fff2798-f1db-47cb-8899-6d52f49f6715]"
  type: "Bill Payment"
  sourceId: "d074be7f-abdb-4077-9a32-21884cf725b1"
  referenceNo: "1359"
  orderId: "1e63863b-d73d-4683-84aa-46e2a46eeb6d"
  Assets:CurrentAssets:Cash:CashInHand -900.00 USD
  type: "Bill Payment"
  sourceId: "d074be7f-abdb-4077-9a32-21884cf725b1"
  referenceNo: "1359"
  orderId: "1e63863b-d73d-4683-84aa-46e2a46eeb6d"
2025-06-06 * "Bill #1358 Ref DDBESPOKE00000028 耳堵"
  referenceNo: "1358"
  orderId: "6bba55d1-2b5b-47e2-b0f6-890cbb6d0e9d"
  type: "Bill"
  Assets:CurrentAssets:Cash:CashInHand 322.00 HKD
  qty: "1"
  description: "DDBESPOKE00000028 耳堵"
  referenceNo: "1358"
  orderId: "6bba55d1-2b5b-47e2-b0f6-890cbb6d0e9d"
  type: "Bill Item"
  sourceId: "0b90fab9-9174-4881-86af-e9d6be42d79d"
  Liabilities:CurrentLiabilities:AccountPayable
  referenceNo: "1358"
  orderId: "6bba55d1-2b5b-47e2-b0f6-890cbb6d0e9d"
  type: "Bill"
  sourceId: "6bba55d1-2b5b-47e2-b0f6-890cbb6d0e9d"
  contact: "86 13502891558 () [0855f826-2f3a-4788-bfb1-5f09653c1ad0]"
2025-06-06 * "86 97978678 (ERIC) [cb2cbf18-d8c3-40eb-a388-d7234ea70615]" "Bill Payment for Bill #1357 #a27c2a6e-ed02-4136-831a-b0a8c9c43d90"
  Liabilities:CurrentLiabilities:AccountPayable 5602.00 CNY
  contact: "86 97978678 (ERIC) [cb2cbf18-d8c3-40eb-a388-d7234ea70615]"
  type: "Bill Payment"
  sourceId: "a27c2a6e-ed02-4136-831a-b0a8c9c43d90"
  referenceNo: "1357"
  orderId: "11cf4cf6-3b9e-49f2-a796-f3839eeab28f"
  Assets:CurrentAssets:TradeDeposit:TradeDeposit-Eric -5602.00 CNY
  type: "Bill Payment"
  sourceId: "a27c2a6e-ed02-4136-831a-b0a8c9c43d90"
  referenceNo: "1357"
  orderId: "11cf4cf6-3b9e-49f2-a796-f3839eeab28f"
2025-06-06 * "86 13502891558 () [0855f826-2f3a-4788-bfb1-5f09653c1ad0]" "Bill Payment for Bill #1358 #5befa834-55e4-45d3-b14c-e7422b63ac17"
  Liabilities:CurrentLiabilities:AccountPayable 322.00 HKD
  contact: "86 13502891558 () [0855f826-2f3a-4788-bfb1-5f09653c1ad0]"
  type: "Bill Payment"
  sourceId: "5befa834-55e4-45d3-b14c-e7422b63ac17"
  referenceNo: "1358"
  orderId: "6bba55d1-2b5b-47e2-b0f6-890cbb6d0e9d"
  Assets:CurrentAssets:Cash:CashInHand -322.00 HKD
  type: "Bill Payment"
  sourceId: "5befa834-55e4-45d3-b14c-e7422b63ac17"
  referenceNo: "1358"
  orderId: "6bba55d1-2b5b-47e2-b0f6-890cbb6d0e9d"
2025-06-07 * "Invoice #724 INV#870 R24131 修理"
  Income:Sales:SalesItem:Sell-ForProcess交外廠加工 -200.00 HKD
  description: "R24131 補石修理"
  qty: 1
  referenceNo: "724"
  orderId: "9b11e6b4-597e-485f-8d60-88f22e2312a3"
  type: "Invoice Item"
  sourceId: "3a7bfad4-1395-42aa-9f5d-63ebf56d8ff4"
  Assets:CurrentAssets:AccountReceivable
  referenceNo: "724"
  orderId: "9b11e6b4-597e-485f-8d60-88f22e2312a3"
  type: "Invoice"
  sourceId: "9b11e6b4-597e-485f-8d60-88f22e2312a3"
  contact: "852 56654324 () [1aa53c07-31e6-40b6-afee-8c1f60d4ca9f]"
2025-06-07 * "Assets:CurrentAssets:Cash:CashInHand" "Invoice Payment for Invoice #724 #d328ac93-5512-47b7-a35b-444e92f1d85e"
  Assets:CurrentAssets:Cash:CashInHand 200.00 HKD
  type: "Invoice Payment"
  sourceId: "d328ac93-5512-47b7-a35b-444e92f1d85e"
  referenceNo: "724"
  orderId: "9b11e6b4-597e-485f-8d60-88f22e2312a3"
  Assets:CurrentAssets:AccountReceivable -200.00 HKD
  type: "Invoice Payment"
  sourceId: "d328ac93-5512-47b7-a35b-444e92f1d85e"
  referenceNo: "724"
  orderId: "9b11e6b4-597e-485f-8d60-88f22e2312a3"
  contact: "852 56654324 () [1aa53c07-31e6-40b6-afee-8c1f60d4ca9f]"
2025-06-07 * "Invoice #725 Stock BN2504"
  Income:Sales:SalesItem:Sell18kJewelry -3600.00 HKD
  category: "Jewelry"
  sku: "DD2025053100000009"
  qty: 1
  referenceNo: "725"
  orderId: "4a6e32f8-7b7f-4ae0-b6f7-c331ad1045ac"
  type: "Invoice Item"
  sourceId: "451faffe-bdd1-42a4-bdc4-d57f9167bacd"
  Assets:CurrentAssets:AccountReceivable
  referenceNo: "725"
  orderId: "4a6e32f8-7b7f-4ae0-b6f7-c331ad1045ac"
  type: "Invoice"
  sourceId: "4a6e32f8-7b7f-4ae0-b6f7-c331ad1045ac"
  contact: "852 59443143 () [666ecf57-6cec-43ff-aceb-1adbfb5bf9c1]"
2025-06-07 * "Assets:CurrentAssets:Bank:BocSavingBank" "Invoice Payment for Invoice #725 #39b7baed-64fb-4365-a1f0-97de4d0e4928"
  Assets:CurrentAssets:Bank:BocSavingBank 3600.00 HKD
  type: "Invoice Payment"
  sourceId: "39b7baed-64fb-4365-a1f0-97de4d0e4928"
  referenceNo: "725"
  orderId: "4a6e32f8-7b7f-4ae0-b6f7-c331ad1045ac"
  Assets:CurrentAssets:AccountReceivable -3600.00 HKD
  type: "Invoice Payment"
  sourceId: "39b7baed-64fb-4365-a1f0-97de4d0e4928"
  referenceNo: "725"
  orderId: "4a6e32f8-7b7f-4ae0-b6f7-c331ad1045ac"
  contact: "852 59443143 () [666ecf57-6cec-43ff-aceb-1adbfb5bf9c1]"
2025-06-07 * "852 27332222 () [9fff2798-f1db-47cb-8899-6d52f49f6715]" "Bill Payment for Bill #1359 #e58a692c-83f3-447d-a8e7-8473af5a2fe9"
  Liabilities:CurrentLiabilities:AccountPayable 3.80 USD
  contact: "852 27332222 () [9fff2798-f1db-47cb-8899-6d52f49f6715]"
  type: "Bill Payment"
  sourceId: "e58a692c-83f3-447d-a8e7-8473af5a2fe9"
  referenceNo: "1359"
  orderId: "1e63863b-d73d-4683-84aa-46e2a46eeb6d"
  Assets:CurrentAssets:Cash:CashInHand -3.80 USD
  type: "Bill Payment"
  sourceId: "e58a692c-83f3-447d-a8e7-8473af5a2fe9"
  referenceNo: "1359"
  orderId: "1e63863b-d73d-4683-84aa-46e2a46eeb6d"
2025-06-07 * "Bill #1360 "
  referenceNo: "1360"
  orderId: "826cb61c-2af2-460d-99b3-fa201e6d0b92"
  type: "Bill"
  Expenses:CostOfSales:Purchase:PurchaseItem:Buy18kJewelry 1908.00 CNY
  category: "Jewelry"
  sku: "DD2025060700000001"
  qty: 1
  referenceNo: "1360"
  orderId: "826cb61c-2af2-460d-99b3-fa201e6d0b92"
  type: "Bill Item"
  sourceId: "c1148767-7394-43da-a2e2-ba26e8c8c2bc"
  Expenses:CostOfSales:Purchase:PurchaseItem:Buy18kJewelry 1908.00 CNY
  category: "Jewelry"
  sku: "DD2025060700000002"
  qty: 1
  referenceNo: "1360"
  orderId: "826cb61c-2af2-460d-99b3-fa201e6d0b92"
  type: "Bill Item"
  sourceId: "bb77b256-fd89-450d-9c1f-9f829fba1d77"
  Liabilities:CurrentLiabilities:AccountPayable
  referenceNo: "1360"
  orderId: "826cb61c-2af2-460d-99b3-fa201e6d0b92"
  type: "Bill"
  sourceId: "826cb61c-2af2-460d-99b3-fa201e6d0b92"
  contact: "86 13502891558 () [0855f826-2f3a-4788-bfb1-5f09653c1ad0]"
2025-06-07 * "86 13502891558 () [0855f826-2f3a-4788-bfb1-5f09653c1ad0]" "Bill Payment for Bill #1360 #1cbdcad1-8dc8-4e5c-929f-f943cdba991a"
  Liabilities:CurrentLiabilities:AccountPayable 3816.00 CNY
  contact: "86 13502891558 () [0855f826-2f3a-4788-bfb1-5f09653c1ad0]"
  type: "Bill Payment"
  sourceId: "1cbdcad1-8dc8-4e5c-929f-f943cdba991a"
  referenceNo: "1360"
  orderId: "826cb61c-2af2-460d-99b3-fa201e6d0b92"
  Assets:CurrentAssets:Cash:CashInHand -3816.00 CNY
  type: "Bill Payment"
  sourceId: "1cbdcad1-8dc8-4e5c-929f-f943cdba991a"
  referenceNo: "1360"
  orderId: "826cb61c-2af2-460d-99b3-fa201e6d0b92"
2025-06-08 * "Invoice #727 SAP2431 Bespoke 18K Ring Setting #13 / SAP2427 Bespoke 18K Necklace"
  Income:Sales:SalesItem:SellBespokeorotherFee -3300.00 HKD
  category: "Jewelry"
  sku: "DDBESPOKE00000037"
  qty: 1
  referenceNo: "727"
  orderId: "890e7394-8274-4912-b04f-5ad04dfb7655"
  type: "Invoice Item"
  sourceId: "897ac465-4fa2-4c14-9bd0-1db697c38ca8"
  Income:Sales:SalesItem:SellBespokeorotherFee -2000.00 HKD
  category: "Jewelry"
  sku: "DDBESPOKE00000035"
  qty: 1
  referenceNo: "727"
  orderId: "890e7394-8274-4912-b04f-5ad04dfb7655"
  type: "Invoice Item"
  sourceId: "3b6b0f92-5d3a-46c9-b9ba-6f035e1439e0"
  Income:Sales:SalesItem:SellGems -1750.00 HKD
  category: "Gem"
  sku: "SAP2431"
  qty: 1
  referenceNo: "727"
  orderId: "890e7394-8274-4912-b04f-5ad04dfb7655"
  type: "Invoice Item"
  sourceId: "5c946a4c-25b4-4054-b3cb-4685187a78b3"
  Income:Sales:SalesItem:SellGems -1600.00 HKD
  category: "Gem"
  sku: "SAP2427"
  qty: 1
  referenceNo: "727"
  orderId: "890e7394-8274-4912-b04f-5ad04dfb7655"
  type: "Invoice Item"
  sourceId: "8ce44f19-8d22-4526-8da3-28bb93dafe57"
  Assets:CurrentAssets:AccountReceivable
  referenceNo: "727"
  orderId: "890e7394-8274-4912-b04f-5ad04dfb7655"
  type: "Invoice"
  sourceId: "890e7394-8274-4912-b04f-5ad04dfb7655"
  contact: "852 62335710 () [187a968f-82dd-4e4f-9ee0-46306a7b29ef]"
2025-06-08 * "Invoice #726 Stock Gold Jewellery 4.48g*987.99+工780"
  Income:Sales:SalesItem:SellGoldJewelry -5200.00 HKD
  category: "Gold Jewelry"
  sku: "DDFF23051905000000000003"
  qty: 1
  referenceNo: "726"
  orderId: "8a8030be-9dc5-4276-8a06-6526dc8e4d28"
  type: "Invoice Item"
  sourceId: "b0f57845-5263-4f78-be9d-9e52f0136c35"
  Assets:CurrentAssets:AccountReceivable
  referenceNo: "726"
  orderId: "8a8030be-9dc5-4276-8a06-6526dc8e4d28"
  type: "Invoice"
  sourceId: "8a8030be-9dc5-4276-8a06-6526dc8e4d28"
  contact: "852 96307707 () [b86b4261-bac6-4af2-a833-22f9ac584825]"
2025-06-08 * "Assets:CurrentAssets:Bank:KpayBank" "Invoice Payment for Invoice #726 #b3365296-7639-4781-a8a6-4a9c568897cd"
  Assets:CurrentAssets:Bank:KpayBank 5200.00 HKD
  type: "Invoice Payment"
  sourceId: "b3365296-7639-4781-a8a6-4a9c568897cd"
  referenceNo: "726"
  orderId: "8a8030be-9dc5-4276-8a06-6526dc8e4d28"
  Assets:CurrentAssets:AccountReceivable -5200.00 HKD
  type: "Invoice Payment"
  sourceId: "b3365296-7639-4781-a8a6-4a9c568897cd"
  referenceNo: "726"
  orderId: "8a8030be-9dc5-4276-8a06-6526dc8e4d28"
  contact: "852 96307707 () [b86b4261-bac6-4af2-a833-22f9ac584825]"
2025-06-08 * "Assets:CurrentAssets:Bank:KpayBank" "Invoice Payment for Invoice #727 #370d9556-0905-4968-8295-4788f68ecc19"
  Assets:CurrentAssets:Bank:KpayBank 8650.00 HKD
  type: "Invoice Payment"
  sourceId: "370d9556-0905-4968-8295-4788f68ecc19"
  referenceNo: "727"
  orderId: "890e7394-8274-4912-b04f-5ad04dfb7655"
  Assets:CurrentAssets:AccountReceivable -8650.00 HKD
  type: "Invoice Payment"
  sourceId: "370d9556-0905-4968-8295-4788f68ecc19"
  referenceNo: "727"
  orderId: "890e7394-8274-4912-b04f-5ad04dfb7655"
  contact: "852 62335710 () [187a968f-82dd-4e4f-9ee0-46306a7b29ef]"
2025-06-09 * "Invoice #728 Stock R24131 #15"
  Income:Sales:SalesItem:Sell18kJewelry -2800.00 HKD
  category: "Jewelry"
  sku: "DD2025041100000002"
  qty: 1
  referenceNo: "728"
  orderId: "fe481544-1847-4e70-b2b6-4e4df67f9b12"
  type: "Invoice Item"
  sourceId: "46ab4f2b-fad5-4158-ab02-a15896ce71df"
  Assets:CurrentAssets:AccountReceivable
  referenceNo: "728"
  orderId: "fe481544-1847-4e70-b2b6-4e4df67f9b12"
  type: "Invoice"
  sourceId: "fe481544-1847-4e70-b2b6-4e4df67f9b12"
  contact: "852 61668777 () [38af2f4f-59e5-407e-b01c-aa24839d5c41]"
2025-06-09 * "Assets:CurrentAssets:Bank:KpayBank" "Invoice Payment for Invoice #728 #4db3d10f-4120-434e-b9da-2e14440bf336"
  Assets:CurrentAssets:Bank:KpayBank 2800.00 HKD
  type: "Invoice Payment"
  sourceId: "4db3d10f-4120-434e-b9da-2e14440bf336"
  referenceNo: "728"
  orderId: "fe481544-1847-4e70-b2b6-4e4df67f9b12"
  Assets:CurrentAssets:AccountReceivable -2800.00 HKD
  type: "Invoice Payment"
  sourceId: "4db3d10f-4120-434e-b9da-2e14440bf336"
  referenceNo: "728"
  orderId: "fe481544-1847-4e70-b2b6-4e4df67f9b12"
  contact: "852 61668777 () [38af2f4f-59e5-407e-b01c-aa24839d5c41]"
2025-06-12 * "Invoice #729 STAFF~ANGEL"
  Income:Sales:SalesItem:SellBespokeorotherFee -2400.00 HKD
  category: "Jewelry"
  sku: "DDBESPOKE00000030"
  qty: 1
  referenceNo: "729"
  orderId: "fc8c3b29-a07b-4878-8560-b774aec87cd5"
  type: "Invoice Item"
  sourceId: "7b9c3d92-4568-470a-9b11-c8ce90aa28cd"
  Assets:CurrentAssets:AccountReceivable
  referenceNo: "729"
  orderId: "fc8c3b29-a07b-4878-8560-b774aec87cd5"
  type: "Invoice"
  sourceId: "fc8c3b29-a07b-4878-8560-b774aec87cd5"
  contact: "852 62244993 () [fb9ae1b4-9eca-49c0-91ed-1c1be0e96949]"
2025-06-12 * "Invoice #730 Bespoke PT950 Earrings 2SAP 1.30CT 28D 0.316CT "
  Income:Sales:SalesItem:SellBespokeorotherFee -3200.00 HKD
  category: "Jewelry"
  sku: "DDBESPOKE00000028"
  qty: 1
  referenceNo: "730"
  orderId: "ad2e183f-f0e1-419a-b9be-7f1cd1f9652e"
  type: "Invoice Item"
  sourceId: "aaa3e609-cd35-4306-9eaf-29ee24c911ed"
  Assets:CurrentAssets:AccountReceivable
  referenceNo: "730"
  orderId: "ad2e183f-f0e1-419a-b9be-7f1cd1f9652e"
  type: "Invoice"
  sourceId: "ad2e183f-f0e1-419a-b9be-7f1cd1f9652e"
  contact: "852 69922259 () [e9072a49-7cd2-4e3b-839d-1db94e1bd61d]"
2025-06-12 * "Assets:CurrentAssets:Cash:CashInHand" "Invoice Payment for Invoice #729 #47c17888-f583-4766-9be0-d2da8003850b"
  Assets:CurrentAssets:Cash:CashInHand 2400.00 HKD
  type: "Invoice Payment"
  sourceId: "47c17888-f583-4766-9be0-d2da8003850b"
  referenceNo: "729"
  orderId: "fc8c3b29-a07b-4878-8560-b774aec87cd5"
  Assets:CurrentAssets:AccountReceivable -2400.00 HKD
  type: "Invoice Payment"
  sourceId: "47c17888-f583-4766-9be0-d2da8003850b"
  referenceNo: "729"
  orderId: "fc8c3b29-a07b-4878-8560-b774aec87cd5"
  contact: "852 62244993 () [fb9ae1b4-9eca-49c0-91ed-1c1be0e96949]"
2025-06-13 * "Bill #1376 G17電費(2025-05月)"
  referenceNo: "1376"
  orderId: "17a18bff-0785-413a-8331-f44c318d1a09"
  type: "Bill"
  Expenses:GeneralExpense:ElectricityLightHeating 1851.00 HKD
  qty: "1"
  description: "G17電費(2025-05月)"
  referenceNo: "1376"
  orderId: "17a18bff-0785-413a-8331-f44c318d1a09"
  type: "Bill Item"
  sourceId: "b528b700-149e-475c-8cd8-b9c4907f62fd"
  Liabilities:CurrentLiabilities:AccountPayable
  referenceNo: "1376"
  orderId: "17a18bff-0785-413a-8331-f44c318d1a09"
  type: "Bill"
  sourceId: "17a18bff-0785-413a-8331-f44c318d1a09"
  contact: "880 806 () [53b8789a-4451-4a1f-84f7-a9c5da7ada1a]"
2025-06-13 * "Assets:CurrentAssets:Bank:KpayBank" "Invoice Payment for Invoice #704 #1ad69c77-76a9-4c8e-acc4-463fa229a417"
  Assets:CurrentAssets:Bank:KpayBank 2100.00 HKD
  type: "Invoice Payment"
  sourceId: "1ad69c77-76a9-4c8e-acc4-463fa229a417"
  referenceNo: "704"
  orderId: "58049679-a11d-4288-a67c-9dbcae05b4e5"
  Assets:CurrentAssets:AccountReceivable -2100.00 HKD
  type: "Invoice Payment"
  sourceId: "1ad69c77-76a9-4c8e-acc4-463fa229a417"
  referenceNo: "704"
  orderId: "58049679-a11d-4288-a67c-9dbcae05b4e5"
  contact: "852 69922259 () [e9072a49-7cd2-4e3b-839d-1db94e1bd61d]"
2025-06-13 * "Invoice #731 Buy IGI Cert"
  Income:Sales:SalesItem:SellBespokeorotherFee -400.00 HKD
  category: "Other"
  sku: "Processing 056"
  qty: 1
  referenceNo: "731"
  orderId: "92feaba8-a007-484d-8330-92ec6a5f4a50"
  type: "Invoice Item"
  sourceId: "771a5c42-8b0e-4906-b08e-e092443160ff"
  Assets:CurrentAssets:AccountReceivable
  referenceNo: "731"
  orderId: "92feaba8-a007-484d-8330-92ec6a5f4a50"
  type: "Invoice"
  sourceId: "92feaba8-a007-484d-8330-92ec6a5f4a50"
  contact: "852 69922259 () [e9072a49-7cd2-4e3b-839d-1db94e1bd61d]"
2025-06-13 * "Assets:CurrentAssets:Bank:KpayBank" "Invoice Payment for Invoice #730 #977a57a4-8980-493c-ac24-58b4724a1860"
  Assets:CurrentAssets:Bank:KpayBank 3200.00 HKD
  type: "Invoice Payment"
  sourceId: "977a57a4-8980-493c-ac24-58b4724a1860"
  referenceNo: "730"
  orderId: "ad2e183f-f0e1-419a-b9be-7f1cd1f9652e"
  Assets:CurrentAssets:AccountReceivable -3200.00 HKD
  type: "Invoice Payment"
  sourceId: "977a57a4-8980-493c-ac24-58b4724a1860"
  referenceNo: "730"
  orderId: "ad2e183f-f0e1-419a-b9be-7f1cd1f9652e"
  contact: "852 69922259 () [e9072a49-7cd2-4e3b-839d-1db94e1bd61d]"
2025-06-13 * "Assets:CurrentAssets:Bank:KpayBank" "Invoice Payment for Invoice #731 #3af48e19-4ed2-4382-8f44-45b3b25d71c9"
  Assets:CurrentAssets:Bank:KpayBank 400.00 HKD
  type: "Invoice Payment"
  sourceId: "3af48e19-4ed2-4382-8f44-45b3b25d71c9"
  referenceNo: "731"
  orderId: "92feaba8-a007-484d-8330-92ec6a5f4a50"
  Assets:CurrentAssets:AccountReceivable -400.00 HKD
  type: "Invoice Payment"
  sourceId: "3af48e19-4ed2-4382-8f44-45b3b25d71c9"
  referenceNo: "731"
  orderId: "92feaba8-a007-484d-8330-92ec6a5f4a50"
  contact: "852 69922259 () [e9072a49-7cd2-4e3b-839d-1db94e1bd61d]"
2025-06-16 * "Bill #1379 6月2025年MPF"
  referenceNo: "1379"
  orderId: "660d1abe-e05e-45f0-a29e-b4ec327d8755"
  type: "Bill"
  Expenses:GeneralExpense:Mpf 7500.00 HKD
  qty: "1"
  description: "6月2025年MPF"
  referenceNo: "1379"
  orderId: "660d1abe-e05e-45f0-a29e-b4ec327d8755"
  type: "Bill Item"
  sourceId: "449cc636-1d3a-46e1-95eb-3d5b8416f0ef"
  Liabilities:CurrentLiabilities:AccountPayable
  referenceNo: "1379"
  orderId: "660d1abe-e05e-45f0-a29e-b4ec327d8755"
  type: "Bill"
  sourceId: "660d1abe-e05e-45f0-a29e-b4ec327d8755"
  contact: "880 806 () [53b8789a-4451-4a1f-84f7-a9c5da7ada1a]"
2025-06-16 * "880 806 () [53b8789a-4451-4a1f-84f7-a9c5da7ada1a]" "Bill Payment for Bill #1376 #7650b616-9ec9-4ef1-9d4f-987442de919f"
  Liabilities:CurrentLiabilities:AccountPayable 1851.00 HKD
  contact: "880 806 () [53b8789a-4451-4a1f-84f7-a9c5da7ada1a]"
  type: "Bill Payment"
  sourceId: "7650b616-9ec9-4ef1-9d4f-987442de919f"
  referenceNo: "1376"
  orderId: "17a18bff-0785-413a-8331-f44c318d1a09"
  Assets:CurrentAssets:Cash:CashInHand -1851.00 HKD
  type: "Bill Payment"
  sourceId: "7650b616-9ec9-4ef1-9d4f-987442de919f"
  referenceNo: "1376"
  orderId: "17a18bff-0785-413a-8331-f44c318d1a09"
2025-06-19 * "880 806 () [53b8789a-4451-4a1f-84f7-a9c5da7ada1a]" "Bill Payment for Bill #1379 #4270c146-7c95-4623-a38f-666123e7fae7"
  Liabilities:CurrentLiabilities:AccountPayable 7500.00 HKD
  contact: "880 806 () [53b8789a-4451-4a1f-84f7-a9c5da7ada1a]"
  type: "Bill Payment"
  sourceId: "4270c146-7c95-4623-a38f-666123e7fae7"
  referenceNo: "1379"
  orderId: "660d1abe-e05e-45f0-a29e-b4ec327d8755"
  Assets:CurrentAssets:Bank:BocCurrentBank -7500.00 HKD
  type: "Bill Payment"
  sourceId: "4270c146-7c95-4623-a38f-666123e7fae7"
  referenceNo: "1379"
  orderId: "660d1abe-e05e-45f0-a29e-b4ec327d8755"
2025-06-19 * "Invoice #732 Stock R24158 #12改#9改#10"
  Income:Sales:SalesItem:Sell18kJewelry -1500.00 HKD
  category: "Jewelry"
  sku: "DD2024122700000018"
  qty: 1
  referenceNo: "732"
  orderId: "1ace877e-f9be-42d8-8e50-656a42a23906"
  type: "Invoice Item"
  sourceId: "a7478750-6b63-4cbc-95f8-129b59b055e5"
  Assets:CurrentAssets:AccountReceivable
  referenceNo: "732"
  orderId: "1ace877e-f9be-42d8-8e50-656a42a23906"
  type: "Invoice"
  sourceId: "1ace877e-f9be-42d8-8e50-656a42a23906"
  contact: "852 93162462 () [812c6e48-1491-4229-8297-6df31c872b30]"
2025-06-19 * "Assets:CurrentAssets:Bank:KpayBank" "Invoice Payment for Invoice #732 #80e55b91-4901-41b4-9d72-2ea97d9bd4ff"
  Assets:CurrentAssets:Bank:KpayBank 750.00 HKD
  type: "Invoice Payment"
  sourceId: "80e55b91-4901-41b4-9d72-2ea97d9bd4ff"
  referenceNo: "732"
  orderId: "1ace877e-f9be-42d8-8e50-656a42a23906"
  Assets:CurrentAssets:AccountReceivable -750.00 HKD
  type: "Invoice Payment"
  sourceId: "80e55b91-4901-41b4-9d72-2ea97d9bd4ff"
  referenceNo: "732"
  orderId: "1ace877e-f9be-42d8-8e50-656a42a23906"
  contact: "852 93162462 () [812c6e48-1491-4229-8297-6df31c872b30]"
2025-06-20 * "Invoice #733 STAFF~ANGEL"
  Income:Sales:SalesItem:SellBespokeorotherFee -2400.00 HKD
  category: "Jewelry"
  sku: "DDBESPOKE00000033"
  qty: 1
  referenceNo: "733"
  orderId: "552727fa-3737-46ed-b0c1-92e5c33ffc26"
  type: "Invoice Item"
  sourceId: "156799a8-e639-4ce0-b247-4d2b28160feb"
  Income:Sales:SalesItem:SellBespokeorotherFee -2400.00 HKD
  category: "Jewelry"
  sku: "DDBESPOKE00000032"
  qty: 1
  referenceNo: "733"
  orderId: "552727fa-3737-46ed-b0c1-92e5c33ffc26"
  type: "Invoice Item"
  sourceId: "9b54dc74-aa3e-41ce-a44b-e6afcb9b5386"
  Income:Sales:SalesItem:SellBespokeorotherFee -2700.00 HKD
  category: "Jewelry"
  sku: "DDBESPOKE00000031"
  qty: 1
  referenceNo: "733"
  orderId: "552727fa-3737-46ed-b0c1-92e5c33ffc26"
  type: "Invoice Item"
  sourceId: "02fd11dc-97f2-4e43-a553-e47eacb93432"
  Assets:CurrentAssets:AccountReceivable
  referenceNo: "733"
  orderId: "552727fa-3737-46ed-b0c1-92e5c33ffc26"
  type: "Invoice"
  sourceId: "552727fa-3737-46ed-b0c1-92e5c33ffc26"
  contact: "852 62244993 () [fb9ae1b4-9eca-49c0-91ed-1c1be0e96949]"
2025-06-20 * "Invoice #734 Stock BR2512 #13"
  Income:Sales:SalesItem:Sell18kJewelry -3100.00 HKD
  category: "Jewelry"
  sku: "DD2025062000000001"
  qty: 1
  referenceNo: "734"
  orderId: "85f448ce-bf6f-4785-b254-131c7093743a"
  type: "Invoice Item"
  sourceId: "41a84c98-aebe-4ceb-bf92-1b63983c4333"
  Assets:CurrentAssets:AccountReceivable
  referenceNo: "734"
  orderId: "85f448ce-bf6f-4785-b254-131c7093743a"
  type: "Invoice"
  sourceId: "85f448ce-bf6f-4785-b254-131c7093743a"
  contact: "852 53306185 (NoName) [0c02a01f-fe4b-4d47-9086-1d74cbafc0f3]"
2025-06-20 * "Bill #1362 PT Ring*3 18K Chain*4 HKD@0.918 $8111"
  referenceNo: "1362"
  orderId: "e8187482-1033-420e-81d9-eaa03ad17662"
  type: "Bill"
  Expenses:CostOfSales:Purchase:PurchaseItem:BuyBespoke 1612.00 HKD
  category: "Jewelry"
  sku: "DDBESPOKE00000033"
  qty: 1
  referenceNo: "1362"
  orderId: "e8187482-1033-420e-81d9-eaa03ad17662"
  type: "Bill Item"
  sourceId: "5e43b085-fcc2-4123-a3cb-613606f5351b"
  Expenses:CostOfSales:Purchase:PurchaseItem:BuyBespoke 2069.00 HKD
  category: "Jewelry"
  sku: "DDBESPOKE00000031"
  qty: 1
  referenceNo: "1362"
  orderId: "e8187482-1033-420e-81d9-eaa03ad17662"
  type: "Bill Item"
  sourceId: "c1b3a2d4-d23e-4ba9-acba-8b1e23973c97"
  Expenses:CostOfSales:Purchase:PurchaseItem:BuyBespoke 1687.00 HKD
  category: "Jewelry"
  sku: "DDBESPOKE00000032"
  qty: 1
  referenceNo: "1362"
  orderId: "e8187482-1033-420e-81d9-eaa03ad17662"
  type: "Bill Item"
  sourceId: "33e744ef-30d5-41ba-b3e8-ffffdd099556"
  Expenses:CostOfSales:Purchase:PurchaseItem:Buy18kJewelry 2743.00 HKD
  category: "Jewelry"
  sku: "DD2025062500000001"
  qty: 4
  referenceNo: "1362"
  orderId: "e8187482-1033-420e-81d9-eaa03ad17662"
  type: "Bill Item"
  sourceId: "53f90976-f8cc-44f6-84f1-7c1297ece0e8"
  Liabilities:CurrentLiabilities:AccountPayable
  referenceNo: "1362"
  orderId: "e8187482-1033-420e-81d9-eaa03ad17662"
  type: "Bill"
  sourceId: "e8187482-1033-420e-81d9-eaa03ad17662"
  contact: "86 13502891558 () [0855f826-2f3a-4788-bfb1-5f09653c1ad0]"
2025-06-20 * "Bill #1363 嚴丹鳳代鑲石 合併"
  referenceNo: "1363"
  orderId: "c70b0cf9-1d80-472b-984b-c46f3d81c4fb"
  type: "Bill"
  Assets:CurrentAssets:ShopInventory:Gemstones -1076.00 HKD
  category: "Gem"
  sku: "SAP2429"
  qty: -1
  referenceNo: "1363"
  orderId: "c70b0cf9-1d80-472b-984b-c46f3d81c4fb"
  type: "Bill Item"
  sourceId: "f2df4f3a-a5e9-4ff5-a8e6-868d3826061a"
  Assets:CurrentAssets:ShopInventory:Gemstones -400.00 HKD
  category: "Gem"
  sku: "SAP2407"
  qty: -1
  referenceNo: "1363"
  orderId: "c70b0cf9-1d80-472b-984b-c46f3d81c4fb"
  type: "Bill Item"
  sourceId: "561c116b-21a1-46bd-b43c-029c5c32eab8"
  Assets:CurrentAssets:ShopInventory:Gemstones -960.00 HKD
  category: "Gem"
  sku: "SAP2508"
  qty: -24
  referenceNo: "1363"
  orderId: "c70b0cf9-1d80-472b-984b-c46f3d81c4fb"
  type: "Bill Item"
  sourceId: "a476a600-cc77-42c6-842c-2a1ca73b7f4b"
  Assets:CurrentAssets:ShopInventory:Gemstones -1076.00 HKD
  category: "Gem"
  sku: "SAP2437"
  qty: -1
  referenceNo: "1363"
  orderId: "c70b0cf9-1d80-472b-984b-c46f3d81c4fb"
  type: "Bill Item"
  sourceId: "cbdec8d2-ccf0-4a74-ba07-d16b65786f68"
  Assets:CurrentAssets:ShopInventory:Gemstones -1530.00 HKD
  category: "Gem"
  sku: "SAP2425"
  qty: -1
  referenceNo: "1363"
  orderId: "c70b0cf9-1d80-472b-984b-c46f3d81c4fb"
  type: "Bill Item"
  sourceId: "9c07c68a-ddef-406e-9dff-c8415f927e4f"
  Expenses:CostOfSales:Purchase:PurchaseItem:Buy18kJewelry 2080.00 HKD
  category: "Jewelry"
  sku: "DDBESPOKE00000034"
  qty: 1
  referenceNo: "1363"
  orderId: "c70b0cf9-1d80-472b-984b-c46f3d81c4fb"
  type: "Bill Item"
  sourceId: "fa7a5e5a-caa6-4400-baa5-61abfc1437c0"
  Expenses:CostOfSales:Purchase:PurchaseItem:Buy18kJewelry 1689.00 HKD
  category: "Jewelry"
  sku: "DD2025062000000002"
  qty: 1
  referenceNo: "1363"
  orderId: "c70b0cf9-1d80-472b-984b-c46f3d81c4fb"
  type: "Bill Item"
  sourceId: "4fc98908-c17f-4618-85c2-1b45fc73f029"
  Expenses:CostOfSales:Purchase:PurchaseItem:Buy18kJewelry 2276.00 HKD
  category: "Jewelry"
  sku: "DD2025062000000006"
  qty: 1
  referenceNo: "1363"
  orderId: "c70b0cf9-1d80-472b-984b-c46f3d81c4fb"
  type: "Bill Item"
  sourceId: "cf502676-8786-44e0-b6eb-74d38b9436e6"
  Expenses:CostOfSales:Purchase:PurchaseItem:BuyBespoke 1663.00 HKD
  category: "Jewelry"
  sku: "DDBESPOKE00000035"
  qty: 1
  referenceNo: "1363"
  orderId: "c70b0cf9-1d80-472b-984b-c46f3d81c4fb"
  type: "Bill Item"
  sourceId: "bdfd8e8b-b0b5-436e-ab9f-b950ac626623"
  Assets:CurrentAssets:ShopInventory:Jewelry 2238.00 HKD
  category: "Jewelry"
  sku: "DD2025062000000005"
  qty: 1
  referenceNo: "1363"
  orderId: "c70b0cf9-1d80-472b-984b-c46f3d81c4fb"
  type: "Bill Item"
  sourceId: "478a0afe-7d11-4ff5-93f4-4dab6eb147d6"
  Assets:CurrentAssets:ShopInventory:Jewelry 1400.00 HKD
  category: "Jewelry"
  sku: "DD2025062000000007"
  qty: 1
  referenceNo: "1363"
  orderId: "c70b0cf9-1d80-472b-984b-c46f3d81c4fb"
  type: "Bill Item"
  sourceId: "244f21ea-7ace-40a6-a6d4-715cf2a5b084"
  Assets:CurrentAssets:ShopInventory:Jewelry 3305.00 HKD
  category: "Jewelry"
  sku: "DD2025062000000003"
  qty: 1
  referenceNo: "1363"
  orderId: "c70b0cf9-1d80-472b-984b-c46f3d81c4fb"
  type: "Bill Item"
  sourceId: "741fdf44-fed8-479c-a980-e9368676aac8"
  Expenses:CostOfSales:Purchase:PurchaseItem:Buy18kJewelry 1960.00 HKD
  category: "Jewelry"
  sku: "DD2025062000000004"
  qty: 1
  referenceNo: "1363"
  orderId: "c70b0cf9-1d80-472b-984b-c46f3d81c4fb"
  type: "Bill Item"
  sourceId: "e6623dc3-a499-4d34-8a57-bb9bbf2c1bdc"
  Assets:CurrentAssets:ShopInventory:Jewelry 1396.00 HKD
  category: "Jewelry"
  sku: "DD2025062000000001"
  qty: 1
  referenceNo: "1363"
  orderId: "c70b0cf9-1d80-472b-984b-c46f3d81c4fb"
  type: "Bill Item"
  sourceId: "0c7f7819-5880-4a64-ab7d-367977387555"
  Expenses:CostOfSales:Purchase:PurchaseItem:Buy18kJewelry 1775.00 HKD
  qty: "1"
  description: "做貨BR2514/SAP2425 $3305"
  referenceNo: "1363"
  orderId: "c70b0cf9-1d80-472b-984b-c46f3d81c4fb"
  type: "Bill Item"
  sourceId: "d785d824-3e90-4cb7-a395-5341b28ced40"
  Expenses:CostOfSales:Purchase:PurchaseItem:Buy18kJewelry 1274.00 HKD
  qty: "1"
  description: " BN2506做貨$1274+Chain$686=$1960"
  referenceNo: "1363"
  orderId: "c70b0cf9-1d80-472b-984b-c46f3d81c4fb"
  type: "Bill Item"
  sourceId: "a9879505-3617-4cbd-a50a-7f9bc6258b52"
  Expenses:CostOfSales:Purchase:PurchaseItem:Buy18kJewelry 1162.00 HKD
  qty: "1"
  description: "做貨BR2515 $1162+SAP2437 $1076=$2238"
  referenceNo: "1363"
  orderId: "c70b0cf9-1d80-472b-984b-c46f3d81c4fb"
  type: "Bill Item"
  sourceId: "209da8b5-c6bf-41fb-918c-059e9bfe0907"
  Expenses:CostOfSales:Purchase:PurchaseItem:Buy18kJewelry 996.00 HKD
  qty: "1"
  description: "做貨BR2512 $996+ SAP2407 $400=1396"
  referenceNo: "1363"
  orderId: "c70b0cf9-1d80-472b-984b-c46f3d81c4fb"
  type: "Bill Item"
  sourceId: "a2403e5f-7f1d-4c3f-9d61-a40bd4b0d311"
  Expenses:CostOfSales:Purchase:PurchaseItem:Buy18kJewelry 1200.00 HKD
  qty: "1"
  description: "做貨BR2516 $1200+ SAP2429 $1076=$2276"
  referenceNo: "1363"
  orderId: "c70b0cf9-1d80-472b-984b-c46f3d81c4fb"
  type: "Bill Item"
  sourceId: "c68cd95f-65e6-4b4a-b03c-a4ba906fcc38"
  Expenses:CostOfSales:Purchase:PurchaseItem:Buy18kJewelry 1120.00 HKD
  qty: "1"
  description: "做貨 BR2517 $1120+ SAP2508 (*7 $280)=$1400"
  referenceNo: "1363"
  orderId: "c70b0cf9-1d80-472b-984b-c46f3d81c4fb"
  type: "Bill Item"
  sourceId: "54cf0fc4-7f73-4c42-9478-aef7ed621cde"
  Assets:CurrentAssets:ShopInventory:Jewelry 1941.00 HKD
  category: "Jewelry"
  sku: "DD2025062000000008"
  qty: 1
  referenceNo: "1363"
  orderId: "c70b0cf9-1d80-472b-984b-c46f3d81c4fb"
  type: "Bill Item"
  sourceId: "0ce1044c-f895-44f2-9082-d629525b2c38"
  Assets:CurrentAssets:ShopInventory:Gemstones -585.00 HKD
  category: "Gem"
  sku: "SAP2512"
  qty: -1
  referenceNo: "1363"
  orderId: "c70b0cf9-1d80-472b-984b-c46f3d81c4fb"
  type: "Bill Item"
  sourceId: "0879e6e5-4fa0-4bca-a852-6ce112d18f3d"
  Expenses:CostOfSales:Purchase:PurchaseItem:Buy18kJewelry 1356.00 HKD
  qty: "1"
  description: "做貨BR2518 $1356 +SAP2512 $585 =$1941"
  referenceNo: "1363"
  orderId: "c70b0cf9-1d80-472b-984b-c46f3d81c4fb"
  type: "Bill Item"
  sourceId: "04145098-adcc-42a6-8b65-a9683aaae939"
  Expenses:CostOfSales:Purchase:PurchaseItem:Buy18kJewelry 2082.00 HKD
  category: "Jewelry"
  sku: "DD2025062000000009"
  qty: 1
  referenceNo: "1363"
  orderId: "c70b0cf9-1d80-472b-984b-c46f3d81c4fb"
  type: "Bill Item"
  sourceId: "106dfb6e-3b61-45b6-ad79-bd47e88f477b"
  Assets:CurrentAssets:ShopInventory:Jewelry 1786.00 HKD
  category: "Jewelry"
  sku: "DD2025062000000010"
  qty: 1
  referenceNo: "1363"
  orderId: "c70b0cf9-1d80-472b-984b-c46f3d81c4fb"
  type: "Bill Item"
  sourceId: "a7a17bd7-14bf-4b78-81fa-929d188008eb"
  Expenses:CostOfSales:Purchase:PurchaseItem:Buy18kJewelry 1586.00 HKD
  qty: "1"
  description: "做貨BN2507 $1586+SAP2508*5 $200= $1786"
  referenceNo: "1363"
  orderId: "c70b0cf9-1d80-472b-984b-c46f3d81c4fb"
  type: "Bill Item"
  sourceId: "56d37c96-c1dc-47c6-acc7-f7c96fac0141"
  Expenses:CostOfSales:Purchase:PurchaseItem:Buy18kJewelry 2282.00 HKD
  category: "Jewelry"
  sku: "DD2025062000000011"
  qty: 1
  referenceNo: "1363"
  orderId: "c70b0cf9-1d80-472b-984b-c46f3d81c4fb"
  type: "Bill Item"
  sourceId: "6380fb1e-84f6-4da7-8252-c6b3fc731e74"
  Expenses:CostOfSales:Purchase:PurchaseItem:Buy18kJewelry 2122.00 HKD
  qty: "1"
  description: "做貨BB2501 $2122+SAP2508*4 $160 =$2282"
  referenceNo: "1363"
  orderId: "c70b0cf9-1d80-472b-984b-c46f3d81c4fb"
  type: "Bill Item"
  sourceId: "62b9e602-6486-4717-8a84-34cf04e920bd"
  Expenses:CostOfSales:Purchase:PurchaseItem:Buy18kJewelry 2177.00 HKD
  category: "Jewelry"
  sku: "DD2025062000000012"
  qty: 1
  referenceNo: "1363"
  orderId: "c70b0cf9-1d80-472b-984b-c46f3d81c4fb"
  type: "Bill Item"
  sourceId: "4d6e1b98-cdab-45ee-a112-e2f3bf0307e6"
  Expenses:CostOfSales:Purchase:PurchaseItem:Buy18kJewelry 1857.00 HKD
  qty: "1"
  description: "做貨BB2502 $1857+SAP2508*8 $320 =$2177"
  referenceNo: "1363"
  orderId: "c70b0cf9-1d80-472b-984b-c46f3d81c4fb"
  type: "Bill Item"
  sourceId: "99cc67af-df7d-417b-bed3-7eac04d252c3"
  Expenses:CostOfSales:Purchase:PurchaseItem:Buy18kJewelry 3362.00 HKD
  category: "Jewelry"
  sku: "DDBESPOKE00000036"
  qty: 1
  referenceNo: "1363"
  orderId: "c70b0cf9-1d80-472b-984b-c46f3d81c4fb"
  type: "Bill Item"
  sourceId: "0d42280e-efb8-458b-bf6b-6979d0e085cf"
  Assets:CurrentAssets:ShopInventory:Jewelry -1372.00 HKD
  category: "Jewelry"
  sku: "DD2025062500000001"
  qty: -2
  referenceNo: "1363"
  orderId: "c70b0cf9-1d80-472b-984b-c46f3d81c4fb"
  type: "Bill Item"
  sourceId: "51f6d1b7-34c0-4203-bbc3-dbbb7938f4b7"
  Assets:CurrentAssets:ShopInventory:Jewelry -1775.00 HKD
  qty: "-1"
  description: "做貨BR2514/SAP2425 $3305"
  referenceNo: "1363"
  orderId: "c70b0cf9-1d80-472b-984b-c46f3d81c4fb"
  type: "Bill Item"
  sourceId: "cb71ddc3-f5fe-418b-b00f-348e9ff8077f"
  Assets:CurrentAssets:ShopInventory:Jewelry -1274.00 HKD
  qty: "-1"
  description: " BN2506做貨$1274+Chain$686=$1960"
  referenceNo: "1363"
  orderId: "c70b0cf9-1d80-472b-984b-c46f3d81c4fb"
  type: "Bill Item"
  sourceId: "d2a24ff4-2a89-4640-bb2e-86ba5ef69818"
  Assets:CurrentAssets:ShopInventory:Jewelry -1162.00 HKD
  qty: "-1"
  description: "做貨BR2515 $1162+SAP2437 $1076=$2238"
  referenceNo: "1363"
  orderId: "c70b0cf9-1d80-472b-984b-c46f3d81c4fb"
  type: "Bill Item"
  sourceId: "be8d16ec-029a-439d-bc38-91bb2037228a"
  Assets:CurrentAssets:ShopInventory:Jewelry -996.00 HKD
  qty: "-1"
  description: "做貨BR2512 $996+ SAP2407 $400=1396"
  referenceNo: "1363"
  orderId: "c70b0cf9-1d80-472b-984b-c46f3d81c4fb"
  type: "Bill Item"
  sourceId: "7b8e55e1-157b-4f86-b6cb-6118cfc3c0b8"
  Assets:CurrentAssets:ShopInventory:Jewelry -1200.00 HKD
  qty: "-1"
  description: "做貨BR2516 $1200+ SAP2429 $1076=$2276"
  referenceNo: "1363"
  orderId: "c70b0cf9-1d80-472b-984b-c46f3d81c4fb"
  type: "Bill Item"
  sourceId: "70970131-f70f-4dd8-b122-cb5a49b25186"
  Assets:CurrentAssets:ShopInventory:Jewelry -1120.00 HKD
  qty: "-1"
  description: "做貨 BR2517 $1120+ SAP2508 (*7 $280)=$1400"
  referenceNo: "1363"
  orderId: "c70b0cf9-1d80-472b-984b-c46f3d81c4fb"
  type: "Bill Item"
  sourceId: "5ac357b2-6abe-424c-a8d9-ff7ae2bb28bb"
  Assets:CurrentAssets:ShopInventory:Jewelry -1356.00 HKD
  qty: "-1"
  description: "做貨BR2518 $1356 +SAP2512 $585 =$1941"
  referenceNo: "1363"
  orderId: "c70b0cf9-1d80-472b-984b-c46f3d81c4fb"
  type: "Bill Item"
  sourceId: "80741c6a-a651-4455-b731-f896debe1b5e"
  Assets:CurrentAssets:ShopInventory:Jewelry -1586.00 HKD
  qty: "-1"
  description: "做貨BN2507 $1586+SAP2508*5 $200= $1786"
  referenceNo: "1363"
  orderId: "c70b0cf9-1d80-472b-984b-c46f3d81c4fb"
  type: "Bill Item"
  sourceId: "5b2ceed7-6662-4ca0-a90f-b5e26ea9137d"
  Assets:CurrentAssets:ShopInventory:Jewelry -2122.00 HKD
  qty: "-1"
  description: "做貨BB2501 $2122+SAP2508*4 $160 =$2282"
  referenceNo: "1363"
  orderId: "c70b0cf9-1d80-472b-984b-c46f3d81c4fb"
  type: "Bill Item"
  sourceId: "5abcbd77-4d84-4e11-9c2c-eee143b7be1c"
  Assets:CurrentAssets:ShopInventory:Jewelry -1857.00 HKD
  qty: "-1"
  description: "做貨BB2502 $1857+SAP2508*8 $320 =$2177"
  referenceNo: "1363"
  orderId: "c70b0cf9-1d80-472b-984b-c46f3d81c4fb"
  type: "Bill Item"
  sourceId: "d98c2aab-c32e-4d91-bdb4-fafa6bc3c03e"
  Liabilities:CurrentLiabilities:AccountPayable
  referenceNo: "1363"
  orderId: "c70b0cf9-1d80-472b-984b-c46f3d81c4fb"
  type: "Bill"
  sourceId: "c70b0cf9-1d80-472b-984b-c46f3d81c4fb"
  contact: "86 13502891558 () [0855f826-2f3a-4788-bfb1-5f09653c1ad0]"
2025-06-20 * "86 13502891558 () [0855f826-2f3a-4788-bfb1-5f09653c1ad0]" "Bill Payment for Bill #1363 #e0220a4e-a2ea-4bf1-b3d2-377fc95e6253"
  Liabilities:CurrentLiabilities:AccountPayable 24638.00 HKD
  contact: "86 13502891558 () [0855f826-2f3a-4788-bfb1-5f09653c1ad0]"
  type: "Bill Payment"
  sourceId: "e0220a4e-a2ea-4bf1-b3d2-377fc95e6253"
  referenceNo: "1363"
  orderId: "c70b0cf9-1d80-472b-984b-c46f3d81c4fb"
  Assets:CurrentAssets:Cash:CashInHand -24638.00 HKD
  type: "Bill Payment"
  sourceId: "e0220a4e-a2ea-4bf1-b3d2-377fc95e6253"
  referenceNo: "1363"
  orderId: "c70b0cf9-1d80-472b-984b-c46f3d81c4fb"
2025-06-20 * "Assets:CurrentAssets:Cash:CashInHand" "Invoice Payment for Invoice #733 #29b674ed-b2d5-450d-b09c-c7a507d56820"
  Assets:CurrentAssets:Cash:CashInHand 7500.00 HKD
  type: "Invoice Payment"
  sourceId: "29b674ed-b2d5-450d-b09c-c7a507d56820"
  referenceNo: "733"
  orderId: "552727fa-3737-46ed-b0c1-92e5c33ffc26"
  Assets:CurrentAssets:AccountReceivable -7500.00 HKD
  type: "Invoice Payment"
  sourceId: "29b674ed-b2d5-450d-b09c-c7a507d56820"
  referenceNo: "733"
  orderId: "552727fa-3737-46ed-b0c1-92e5c33ffc26"
  contact: "852 62244993 () [fb9ae1b4-9eca-49c0-91ed-1c1be0e96949]"
2025-06-20 * "Assets:CurrentAssets:Bank:KpayBank" "Invoice Payment for Invoice #734 #24eed10a-0dff-4f79-a501-7c6f76e0ae39"
  Assets:CurrentAssets:Bank:KpayBank 3100.00 HKD
  type: "Invoice Payment"
  sourceId: "24eed10a-0dff-4f79-a501-7c6f76e0ae39"
  referenceNo: "734"
  orderId: "85f448ce-bf6f-4785-b254-131c7093743a"
  Assets:CurrentAssets:AccountReceivable -3100.00 HKD
  type: "Invoice Payment"
  sourceId: "24eed10a-0dff-4f79-a501-7c6f76e0ae39"
  referenceNo: "734"
  orderId: "85f448ce-bf6f-4785-b254-131c7093743a"
  contact: "852 53306185 (NoName) [0c02a01f-fe4b-4d47-9086-1d74cbafc0f3]"
2025-06-20 * "Invoice #735 Stock R24131 #14 25CSP 2.07CT"
  Income:Sales:SalesItem:Sell18kJewelry -2800.00 HKD
  category: "Jewelry"
  sku: "DD2025042800000002"
  qty: 1
  referenceNo: "735"
  orderId: "f3fd7185-8bf2-42b8-893b-b9a13de3226d"
  type: "Invoice Item"
  sourceId: "4c279073-9b02-4c14-be61-c03ef62306ad"
  Assets:CurrentAssets:AccountReceivable
  referenceNo: "735"
  orderId: "f3fd7185-8bf2-42b8-893b-b9a13de3226d"
  type: "Invoice"
  sourceId: "f3fd7185-8bf2-42b8-893b-b9a13de3226d"
  contact: "852 95019332 (NoName) [1074b132-a580-4614-b511-69388378bed2]"
2025-06-20 * "Assets:CurrentAssets:Bank:BocSavingBank" "Invoice Payment for Invoice #735 #c313f4e9-96ff-40e2-a92a-0d5cfefdd785"
  Assets:CurrentAssets:Bank:BocSavingBank 2800.00 HKD
  type: "Invoice Payment"
  sourceId: "c313f4e9-96ff-40e2-a92a-0d5cfefdd785"
  referenceNo: "735"
  orderId: "f3fd7185-8bf2-42b8-893b-b9a13de3226d"
  Assets:CurrentAssets:AccountReceivable -2800.00 HKD
  type: "Invoice Payment"
  sourceId: "c313f4e9-96ff-40e2-a92a-0d5cfefdd785"
  referenceNo: "735"
  orderId: "f3fd7185-8bf2-42b8-893b-b9a13de3226d"
  contact: "852 95019332 (NoName) [1074b132-a580-4614-b511-69388378bed2]"
2025-06-20 * "86 13502891558 () [0855f826-2f3a-4788-bfb1-5f09653c1ad0]" "Bill Payment for Bill #1362 #cc0a9b61-6491-474b-85ab-5d3eea1e32bd"
  Liabilities:CurrentLiabilities:AccountPayable 8111.00 HKD
  contact: "86 13502891558 () [0855f826-2f3a-4788-bfb1-5f09653c1ad0]"
  type: "Bill Payment"
  sourceId: "cc0a9b61-6491-474b-85ab-5d3eea1e32bd"
  referenceNo: "1362"
  orderId: "e8187482-1033-420e-81d9-eaa03ad17662"
  Assets:CurrentAssets:Cash:CashInHand -8111.00 HKD
  type: "Bill Payment"
  sourceId: "cc0a9b61-6491-474b-85ab-5d3eea1e32bd"
  referenceNo: "1362"
  orderId: "e8187482-1033-420e-81d9-eaa03ad17662"
2025-06-22 * "Invoice #736 Stock BN2506"
  Income:Sales:SalesItem:Sell18kJewelry -2900.00 HKD
  category: "Jewelry"
  sku: "DD2025062000000004"
  qty: 1
  referenceNo: "736"
  orderId: "119a876f-4556-4ad1-a991-edcad5d85bfb"
  type: "Invoice Item"
  sourceId: "aeb72d11-b723-4d60-ba13-949389787095"
  Assets:CurrentAssets:AccountReceivable
  referenceNo: "736"
  orderId: "119a876f-4556-4ad1-a991-edcad5d85bfb"
  type: "Invoice"
  sourceId: "119a876f-4556-4ad1-a991-edcad5d85bfb"
  contact: "852 61816806 () [8473c32c-a365-43a0-9f28-abefb6af4941]"
2025-06-22 * "Assets:CurrentAssets:Bank:KpayBank" "Invoice Payment for Invoice #717 #ee726c1c-16d9-4536-8fee-d5094ed9e99e"
  Assets:CurrentAssets:Bank:KpayBank 1700.00 HKD
  type: "Invoice Payment"
  sourceId: "ee726c1c-16d9-4536-8fee-d5094ed9e99e"
  referenceNo: "717"
  orderId: "704b61f7-769e-45a6-8ef8-ee75c51a9315"
  Assets:CurrentAssets:AccountReceivable -1700.00 HKD
  type: "Invoice Payment"
  sourceId: "ee726c1c-16d9-4536-8fee-d5094ed9e99e"
  referenceNo: "717"
  orderId: "704b61f7-769e-45a6-8ef8-ee75c51a9315"
  contact: "852 95124810 () [a53ac3f8-3c73-474c-8401-4c83f2762cfc]"
2025-06-22 * "Assets:CurrentAssets:Bank:KpayBank" "Invoice Payment for Invoice #736 #aa156bb9-21c9-458f-af05-d488c09483b1"
  Assets:CurrentAssets:Bank:KpayBank 2900.00 HKD
  type: "Invoice Payment"
  sourceId: "aa156bb9-21c9-458f-af05-d488c09483b1"
  referenceNo: "736"
  orderId: "119a876f-4556-4ad1-a991-edcad5d85bfb"
  Assets:CurrentAssets:AccountReceivable -2900.00 HKD
  type: "Invoice Payment"
  sourceId: "aa156bb9-21c9-458f-af05-d488c09483b1"
  referenceNo: "736"
  orderId: "119a876f-4556-4ad1-a991-edcad5d85bfb"
  contact: "852 61816806 () [8473c32c-a365-43a0-9f28-abefb6af4941]"
2025-06-24 * "Bill #1364 嚴丹鳳代鑲石 合併"
  referenceNo: "1364"
  orderId: "6a5f82aa-e20c-4b7f-a44b-664738706e76"
  type: "Bill"
  Assets:CurrentAssets:ShopInventory:Gemstones -1076.00 HKD
  category: "Gem"
  sku: "SAP2426"
  qty: -1
  referenceNo: "1364"
  orderId: "6a5f82aa-e20c-4b7f-a44b-664738706e76"
  type: "Bill Item"
  sourceId: "cec743cc-8af6-407f-9418-0ef45b61ccb8"
  Assets:CurrentAssets:ShopInventory:Gemstones -1076.00 HKD
  category: "Gem"
  sku: "SAP2434"
  qty: -1
  referenceNo: "1364"
  orderId: "6a5f82aa-e20c-4b7f-a44b-664738706e76"
  type: "Bill Item"
  sourceId: "20ea1814-558e-4da1-9c9e-e2ae9258e1d9"
  Assets:CurrentAssets:ShopInventory:Gemstones -1018.00 HKD
  category: "Gem"
  sku: "SAP2509"
  qty: -1
  referenceNo: "1364"
  orderId: "6a5f82aa-e20c-4b7f-a44b-664738706e76"
  type: "Bill Item"
  sourceId: "d881ad60-6c5a-4ac5-9888-0cb0cc8147bf"
  Assets:CurrentAssets:ShopInventory:Gemstones -40.00 HKD
  category: "Gem"
  sku: "SAP2508"
  qty: -1
  referenceNo: "1364"
  orderId: "6a5f82aa-e20c-4b7f-a44b-664738706e76"
  type: "Bill Item"
  sourceId: "fbf9a7c2-36c9-4a9f-a444-1de595188813"
  Assets:CurrentAssets:ShopInventory:Gemstones -585.00 HKD
  category: "Gem"
  sku: "SAP2512"
  qty: -1
  referenceNo: "1364"
  orderId: "6a5f82aa-e20c-4b7f-a44b-664738706e76"
  type: "Bill Item"
  sourceId: "09f157e5-1196-43fe-952c-1b6223494fe7"
  Assets:CurrentAssets:ShopInventory:Gemstones -1106.00 HKD
  category: "Gem"
  sku: "SAP2510"
  qty: -1
  referenceNo: "1364"
  orderId: "6a5f82aa-e20c-4b7f-a44b-664738706e76"
  type: "Bill Item"
  sourceId: "6d0ec4fe-7a94-4b71-bcb7-22fa8eabacad"
  Assets:CurrentAssets:ShopInventory:Jewelry 3617.00 HKD
  category: "Jewelry"
  sku: "DD2025062400000006"
  qty: 1
  referenceNo: "1364"
  orderId: "6a5f82aa-e20c-4b7f-a44b-664738706e76"
  type: "Bill Item"
  sourceId: "03334b1f-f189-4004-8b61-937c011b9e36"
  Assets:CurrentAssets:ShopInventory:Jewelry 3015.00 HKD
  category: "Jewelry"
  sku: "DD2025062400000005"
  qty: 1
  referenceNo: "1364"
  orderId: "6a5f82aa-e20c-4b7f-a44b-664738706e76"
  type: "Bill Item"
  sourceId: "ff5dd07a-6633-4a11-a8fc-046c4b808f08"
  Expenses:CostOfSales:Purchase:PurchaseItem:Buy18kJewelry 1239.00 HKD
  category: "Jewelry"
  sku: "DD2025062400000002"
  qty: 1
  referenceNo: "1364"
  orderId: "6a5f82aa-e20c-4b7f-a44b-664738706e76"
  type: "Bill Item"
  sourceId: "63569f07-af27-4e83-9793-2759f26ce638"
  Expenses:CostOfSales:Purchase:PurchaseItem:Buy18kJewelry 2450.00 HKD
  category: "Jewelry"
  sku: "DD2025062400000007"
  qty: 1
  referenceNo: "1364"
  orderId: "6a5f82aa-e20c-4b7f-a44b-664738706e76"
  type: "Bill Item"
  sourceId: "cb1171a7-0d59-4c78-bc5b-162f0eb69c6e"
  Assets:CurrentAssets:ShopInventory:Jewelry 3177.00 HKD
  category: "Jewelry"
  sku: "DD2025062400000004"
  qty: 1
  referenceNo: "1364"
  orderId: "6a5f82aa-e20c-4b7f-a44b-664738706e76"
  type: "Bill Item"
  sourceId: "982f7919-0c0e-4a7a-a5a1-e40e9f8cf712"
  Assets:CurrentAssets:ShopInventory:Jewelry 2179.00 HKD
  category: "Jewelry"
  sku: "DD2025062400000003"
  qty: 1
  referenceNo: "1364"
  orderId: "6a5f82aa-e20c-4b7f-a44b-664738706e76"
  type: "Bill Item"
  sourceId: "5b85f636-44ad-4345-b219-d19f8e270ece"
  Expenses:CostOfSales:Purchase:PurchaseItem:Buy18kJewelry 2627.00 HKD
  category: "Jewelry"
  sku: "DD2025062400000008"
  qty: 1
  referenceNo: "1364"
  orderId: "6a5f82aa-e20c-4b7f-a44b-664738706e76"
  type: "Bill Item"
  sourceId: "20c4b02e-5e8e-4e0a-88fd-eb0ee56f2857"
  Assets:CurrentAssets:ShopInventory:Jewelry 2191.00 HKD
  category: "Jewelry"
  sku: "DD2025062400000001"
  qty: 1
  referenceNo: "1364"
  orderId: "6a5f82aa-e20c-4b7f-a44b-664738706e76"
  type: "Bill Item"
  sourceId: "efa7438d-8f10-4369-a9ba-1799b79efc0c"
  Expenses:CostOfSales:Purchase:PurchaseItem:Buy18kJewelry 2599.00 HKD
  qty: "1"
  description: "做貨BR2524 $2599+ SAP2509 $1018=$3617"
  referenceNo: "1364"
  orderId: "6a5f82aa-e20c-4b7f-a44b-664738706e76"
  type: "Bill Item"
  sourceId: "4b0457d9-a3f3-4357-a692-c7b38c7ce41c"
  Expenses:CostOfSales:Purchase:PurchaseItem:Buy18kJewelry 2071.00 HKD
  qty: "1"
  description: "做貨BR2522 $2071+ SAP2510 $1106=$3177"
  referenceNo: "1364"
  orderId: "6a5f82aa-e20c-4b7f-a44b-664738706e76"
  type: "Bill Item"
  sourceId: "0f8c1e14-0714-48aa-8bd7-b32365bb6aa4"
  Expenses:CostOfSales:Purchase:PurchaseItem:Buy18kJewelry 1554.00 HKD
  qty: "1"
  description: "做貨BB2503 $1554 + SAP2512*1 $585+ SAP2508*1 $40=$2179"
  referenceNo: "1364"
  orderId: "6a5f82aa-e20c-4b7f-a44b-664738706e76"
  type: "Bill Item"
  sourceId: "f170f16e-004b-4edc-bcf9-a586b69c9493"
  Expenses:CostOfSales:Purchase:PurchaseItem:Buy18kJewelry 1939.00 HKD
  qty: "1"
  description: "做貨BR2523 $1939 SAP2434 $1076=$3015"
  referenceNo: "1364"
  orderId: "6a5f82aa-e20c-4b7f-a44b-664738706e76"
  type: "Bill Item"
  sourceId: "0ab29995-9505-4aab-be28-0a5f0a586d4d"
  Expenses:CostOfSales:Purchase:PurchaseItem:BuyBespoke 1693.00 HKD
  category: "Jewelry"
  sku: "DDBESPOKE00000037"
  qty: 1
  referenceNo: "1364"
  orderId: "6a5f82aa-e20c-4b7f-a44b-664738706e76"
  type: "Bill Item"
  sourceId: "45e7ec39-8bfc-4f20-997d-177746e5c6a7"
  Expenses:CostOfSales:Purchase:PurchaseItem:Buy18kJewelry 560.00 HKD
  qty: "1"
  description: "DDBESPOKE00000036 PT天然海藍寶石耳環 流蘇耳堵"
  referenceNo: "1364"
  orderId: "6a5f82aa-e20c-4b7f-a44b-664738706e76"
  type: "Bill Item"
  sourceId: "6d5c470a-c287-4678-9ae5-9f4651f2e93f"
  Assets:CurrentAssets:ShopInventory:Jewelry -2599.00 HKD
  qty: "-1"
  description: "做貨BR2524 $2599+ SAP2509 $1018=$3617"
  referenceNo: "1364"
  orderId: "6a5f82aa-e20c-4b7f-a44b-664738706e76"
  type: "Bill Item"
  sourceId: "dafdf837-bd2c-4f38-9104-ed00e9f05f9b"
  Assets:CurrentAssets:ShopInventory:Jewelry -2071.00 HKD
  qty: "-1"
  description: "做貨BR2522 $2071+ SAP2510 $1106=$3177"
  referenceNo: "1364"
  orderId: "6a5f82aa-e20c-4b7f-a44b-664738706e76"
  type: "Bill Item"
  sourceId: "e1b5ea26-2593-4496-b9d2-650c58339596"
  Assets:CurrentAssets:ShopInventory:Jewelry -1554.00 HKD
  qty: "-1"
  description: "做貨BB2503 $1554 + SAP2512*1 $585+ SAP2508*1 $40=$2179"
  referenceNo: "1364"
  orderId: "6a5f82aa-e20c-4b7f-a44b-664738706e76"
  type: "Bill Item"
  sourceId: "c3268520-57a1-4dd3-89ac-8c37968e7c18"
  Assets:CurrentAssets:ShopInventory:Jewelry -1939.00 HKD
  qty: "-1"
  description: "做貨BR2523 $1939 SAP2434 $1076=$3015"
  referenceNo: "1364"
  orderId: "6a5f82aa-e20c-4b7f-a44b-664738706e76"
  type: "Bill Item"
  sourceId: "1a27d27d-bd08-4aed-9ed5-2d1771223cff"
  Liabilities:CurrentLiabilities:AccountPayable
  referenceNo: "1364"
  orderId: "6a5f82aa-e20c-4b7f-a44b-664738706e76"
  type: "Bill"
  sourceId: "6a5f82aa-e20c-4b7f-a44b-664738706e76"
  contact: "86 13502891558 () [0855f826-2f3a-4788-bfb1-5f09653c1ad0]"
2025-06-24 * "86 13502891558 () [0855f826-2f3a-4788-bfb1-5f09653c1ad0]" "Bill Payment for Bill #1364 #3c7d2c14-7e49-4761-8c3d-7feddabdbbe3"
  Liabilities:CurrentLiabilities:AccountPayable 17847.00 HKD
  contact: "86 13502891558 () [0855f826-2f3a-4788-bfb1-5f09653c1ad0]"
  type: "Bill Payment"
  sourceId: "3c7d2c14-7e49-4761-8c3d-7feddabdbbe3"
  referenceNo: "1364"
  orderId: "6a5f82aa-e20c-4b7f-a44b-664738706e76"
  Assets:CurrentAssets:Cash:CashInHand -17847.00 HKD
  type: "Bill Payment"
  sourceId: "3c7d2c14-7e49-4761-8c3d-7feddabdbbe3"
  referenceNo: "1364"
  orderId: "6a5f82aa-e20c-4b7f-a44b-664738706e76"
2025-06-25 * "Bill #1402 BOC VISA Card - David 6月 2025"
  referenceNo: "1402"
  orderId: "679d0a61-9f7a-40ff-a3e7-f4ffc93d1f80"
  type: "Bill"
  Expenses:GeneralExpense:Subscriptions 102.00 HKD
  qty: "1"
  description: "Microsoft*Microsoft (27 May 2025)"
  referenceNo: "1402"
  orderId: "679d0a61-9f7a-40ff-a3e7-f4ffc93d1f80"
  type: "Bill Item"
  sourceId: "46f52138-376a-4cb6-ae0f-43eb90de54b1"
  Expenses:GeneralExpense:Subscriptions 160.07 HKD
  qty: "1"
  description: "VERCEL INC. USD 20 (22 Jun 2025)"
  referenceNo: "1402"
  orderId: "679d0a61-9f7a-40ff-a3e7-f4ffc93d1f80"
  type: "Bill Item"
  sourceId: "e1e54fe4-3919-463b-bf48-f544125add4c"
  Expenses:GeneralExpense:BankFeesExpense 0.74 HKD
  qty: "1"
  description: "Bank Fee - 集團 CCTV監控系統訂閱費 TP-LINK GLOBAL INC. 2 Jun 2025"
  referenceNo: "1402"
  orderId: "679d0a61-9f7a-40ff-a3e7-f4ffc93d1f80"
  type: "Bill Item"
  sourceId: "9255c92a-3616-48da-88d3-21aff1fcae3b"
  Liabilities:CurrentLiabilities:CurrentAccount:C-a-MilwaysGoldLimited 93.00 HKD
  qty: "1"
  description: "集團 CCTV監控系統訂閱費 TP-LINK GLOBAL INC. 2 Jun 2025"
  referenceNo: "1402"
  orderId: "679d0a61-9f7a-40ff-a3e7-f4ffc93d1f80"
  type: "Bill Item"
  sourceId: "b5f5266f-06dd-4a60-a193-619f444a6ec9"
  Liabilities:CurrentLiabilities:CurrentAccount:C-a-MilwaysGoldLimited 9901.27 HKD
  qty: "1"
  description: "Milways Gold -  物資"
  referenceNo: "1402"
  orderId: "679d0a61-9f7a-40ff-a3e7-f4ffc93d1f80"
  type: "Bill Item"
  sourceId: "3cdbf068-156d-4d6e-8312-b951b34e6fb6"
  Expenses:GeneralExpense:OfficeExpenses 668.69 HKD
  qty: "1"
  description: "DKK -  物資"
  referenceNo: "1402"
  orderId: "679d0a61-9f7a-40ff-a3e7-f4ffc93d1f80"
  type: "Bill Item"
  sourceId: "1c83ce4f-bfc9-4bf7-8653-8c383110aaef"
  Liabilities:CurrentLiabilities:AccountPayable
  referenceNo: "1402"
  orderId: "679d0a61-9f7a-40ff-a3e7-f4ffc93d1f80"
  type: "Bill"
  sourceId: "679d0a61-9f7a-40ff-a3e7-f4ffc93d1f80"
  contact: "880 806 () [53b8789a-4451-4a1f-84f7-a9c5da7ada1a]"
2025-06-25 * "Bill #1403 BOC VISA Card - Sam 6月 2025"
  referenceNo: "1403"
  orderId: "efa69382-0633-4c62-a96f-8042022d86e1"
  type: "Bill"
  Expenses:GeneralExpense:LegalAndProfessionalFee 28.00 HKD
  qty: "1"
  description: "查冊"
  referenceNo: "1403"
  orderId: "efa69382-0633-4c62-a96f-8042022d86e1"
  type: "Bill Item"
  sourceId: "32a19565-da3d-4ca8-a334-fd51d542c48c"
  Liabilities:CurrentLiabilities:CurrentAccount:C-a-MilwaysFinanceLtd 1000.00 HKD
  qty: "1"
  description: "GIGI 考試費"
  referenceNo: "1403"
  orderId: "efa69382-0633-4c62-a96f-8042022d86e1"
  type: "Bill Item"
  sourceId: "14e3948d-e800-405f-8a4c-4c45206a86d6"
  Liabilities:CurrentLiabilities:CurrentAccount:C-a-MilwaysGoldLimited 2134.42 HKD
  qty: "1"
  description: "Milways Gold - 淘寶雜項"
  referenceNo: "1403"
  orderId: "efa69382-0633-4c62-a96f-8042022d86e1"
  type: "Bill Item"
  sourceId: "f34efd24-41e7-4e43-82dc-47efa81695d7"
  Liabilities:CurrentLiabilities:CurrentAccount:C-a-MilwaysGoldLimited 4387.19 HKD
  qty: "1"
  description: "DORIS 5月工資"
  referenceNo: "1403"
  orderId: "efa69382-0633-4c62-a96f-8042022d86e1"
  type: "Bill Item"
  sourceId: "4dcc89e4-eeb0-4aba-be6a-2de014b157e9"
  Liabilities:CurrentLiabilities:AccountPayable
  referenceNo: "1403"
  orderId: "efa69382-0633-4c62-a96f-8042022d86e1"
  type: "Bill"
  sourceId: "efa69382-0633-4c62-a96f-8042022d86e1"
  contact: "880 806 () [53b8789a-4451-4a1f-84f7-a9c5da7ada1a]"
2025-06-25 * "880 806 () [53b8789a-4451-4a1f-84f7-a9c5da7ada1a]" "Bill Payment for Bill #1402 #6e4783b5-f15f-404e-a8cc-ac5e77ccb3f0"
  Liabilities:CurrentLiabilities:AccountPayable 10925.77 HKD
  contact: "880 806 () [53b8789a-4451-4a1f-84f7-a9c5da7ada1a]"
  type: "Bill Payment"
  sourceId: "6e4783b5-f15f-404e-a8cc-ac5e77ccb3f0"
  referenceNo: "1402"
  orderId: "679d0a61-9f7a-40ff-a3e7-f4ffc93d1f80"
  Assets:CurrentAssets:Bank:BocVisaCard-DavidBank -10925.77 HKD
  type: "Bill Payment"
  sourceId: "6e4783b5-f15f-404e-a8cc-ac5e77ccb3f0"
  referenceNo: "1402"
  orderId: "679d0a61-9f7a-40ff-a3e7-f4ffc93d1f80"
2025-06-25 * "880 806 () [53b8789a-4451-4a1f-84f7-a9c5da7ada1a]" "Bill Payment for Bill #1403 #10e87c0d-e5f7-46fc-bf96-54d656b407ac"
  Liabilities:CurrentLiabilities:AccountPayable 7549.61 HKD
  contact: "880 806 () [53b8789a-4451-4a1f-84f7-a9c5da7ada1a]"
  type: "Bill Payment"
  sourceId: "10e87c0d-e5f7-46fc-bf96-54d656b407ac"
  referenceNo: "1403"
  orderId: "efa69382-0633-4c62-a96f-8042022d86e1"
  Assets:CurrentAssets:Bank:BocVisaCard-SamBank -7549.61 HKD
  type: "Bill Payment"
  sourceId: "10e87c0d-e5f7-46fc-bf96-54d656b407ac"
  referenceNo: "1403"
  orderId: "efa69382-0633-4c62-a96f-8042022d86e1"
2025-06-27 * "Bill #1380 AE Credit Card payment (25年6月)"
  referenceNo: "1380"
  orderId: "39aa3b8d-70b9-479a-88bd-015063cd2728"
  type: "Bill"
  Expenses:GeneralExpense:Subscriptions 960.22 HKD
  qty: "1"
  description: "DUO.COM  (USD 120)"
  referenceNo: "1380"
  orderId: "39aa3b8d-70b9-479a-88bd-015063cd2728"
  type: "Bill Item"
  sourceId: "faf52819-6a2c-4d09-b1d3-d648e778d8f8"
  Expenses:GeneralExpense:Subscriptions 1862.70 HKD
  qty: "1"
  description: "GOOGLE*GSUITE MILWAYS.C CC GOOGLE.COM"
  referenceNo: "1380"
  orderId: "39aa3b8d-70b9-479a-88bd-015063cd2728"
  type: "Bill Item"
  sourceId: "08982ff3-1a18-4fc4-9367-a683eaa59f43"
  Expenses:GeneralExpense:Subscriptions 7500.00 HKD
  qty: "1"
  description: "FACEBK *RUJPLS42N2"
  referenceNo: "1380"
  orderId: "39aa3b8d-70b9-479a-88bd-015063cd2728"
  type: "Bill Item"
  sourceId: "5692344d-a652-4e9e-91ec-1aba5f556a83"
  Expenses:GeneralExpense:Subscriptions 1040.21 HKD
  qty: "1"
  description: "BT*SEMRUSH (USD 129.95)"
  referenceNo: "1380"
  orderId: "39aa3b8d-70b9-479a-88bd-015063cd2728"
  type: "Bill Item"
  sourceId: "0f2fbda3-33f7-4978-8be9-de174475acb7"
  Expenses:GeneralExpense:Subscriptions 3573.85 HKD
  qty: "1"
  description: "FACEBK *APNWWUUZM2"
  referenceNo: "1380"
  orderId: "39aa3b8d-70b9-479a-88bd-015063cd2728"
  type: "Bill Item"
  sourceId: "0716568f-a361-47ab-81d0-89b79a06ae3e"
  Liabilities:CurrentLiabilities:AccountPayable
  referenceNo: "1380"
  orderId: "39aa3b8d-70b9-479a-88bd-015063cd2728"
  type: "Bill"
  sourceId: "39aa3b8d-70b9-479a-88bd-015063cd2728"
  contact: "880 806 () [53b8789a-4451-4a1f-84f7-a9c5da7ada1a]"
2025-06-27 * "Bill #1428 SALARY 25年6月"
  referenceNo: "1428"
  orderId: "42ee0b89-0f47-4d51-8ff4-56e41701ca01"
  type: "Bill"
  Expenses:GeneralExpense:WagesAndSalaries 71250.00 HKD
  qty: "1"
  description: "
SALARY 25年6月"
  referenceNo: "1428"
  orderId: "42ee0b89-0f47-4d51-8ff4-56e41701ca01"
  type: "Bill Item"
  sourceId: "21f5d508-50a0-40c2-b122-d0e208598116"
  Expenses:GeneralExpense:BankFeesExpense 2.10 HKD
  qty: "1"
  description: "bank fee  SALARY 25年6月"
  referenceNo: "1428"
  orderId: "42ee0b89-0f47-4d51-8ff4-56e41701ca01"
  type: "Bill Item"
  sourceId: "380a5ab4-102e-41b0-a7ac-6f40e8ad3993"
  Liabilities:CurrentLiabilities:AccountPayable
  referenceNo: "1428"
  orderId: "42ee0b89-0f47-4d51-8ff4-56e41701ca01"
  type: "Bill"
  sourceId: "42ee0b89-0f47-4d51-8ff4-56e41701ca01"
  contact: "880 806 () [53b8789a-4451-4a1f-84f7-a9c5da7ada1a]"
2025-06-27 * "880 806 () [53b8789a-4451-4a1f-84f7-a9c5da7ada1a]" "Bill Payment for Bill #1380 #d5404716-494f-4cef-b414-857a4188c92d"
  Liabilities:CurrentLiabilities:AccountPayable 14936.98 HKD
  contact: "880 806 () [53b8789a-4451-4a1f-84f7-a9c5da7ada1a]"
  type: "Bill Payment"
  sourceId: "d5404716-494f-4cef-b414-857a4188c92d"
  referenceNo: "1380"
  orderId: "39aa3b8d-70b9-479a-88bd-015063cd2728"
  Assets:CurrentAssets:Bank:BocSavingBank -14936.98 HKD
  type: "Bill Payment"
  sourceId: "d5404716-494f-4cef-b414-857a4188c92d"
  referenceNo: "1380"
  orderId: "39aa3b8d-70b9-479a-88bd-015063cd2728"
2025-06-27 * "880 806 () [53b8789a-4451-4a1f-84f7-a9c5da7ada1a]" "Bill Payment for Bill #1428 #7eaabda6-1f80-4007-b421-ea3842f77352"
  Liabilities:CurrentLiabilities:AccountPayable 2.10 HKD
  contact: "880 806 () [53b8789a-4451-4a1f-84f7-a9c5da7ada1a]"
  type: "Bill Payment"
  sourceId: "7eaabda6-1f80-4007-b421-ea3842f77352"
  referenceNo: "1428"
  orderId: "42ee0b89-0f47-4d51-8ff4-56e41701ca01"
  Assets:CurrentAssets:Bank:BocSavingBank -2.10 HKD
  type: "Bill Payment"
  sourceId: "7eaabda6-1f80-4007-b421-ea3842f77352"
  referenceNo: "1428"
  orderId: "42ee0b89-0f47-4d51-8ff4-56e41701ca01"
2025-06-27 * "880 806 () [53b8789a-4451-4a1f-84f7-a9c5da7ada1a]" "Bill Payment for Bill #1428 #754b383f-14b9-4334-8d2a-0dca3b977536"
  Liabilities:CurrentLiabilities:AccountPayable 71250.00 HKD
  contact: "880 806 () [53b8789a-4451-4a1f-84f7-a9c5da7ada1a]"
  type: "Bill Payment"
  sourceId: "754b383f-14b9-4334-8d2a-0dca3b977536"
  referenceNo: "1428"
  orderId: "42ee0b89-0f47-4d51-8ff4-56e41701ca01"
  Assets:CurrentAssets:Bank:BocSavingBank -71250.00 HKD
  type: "Bill Payment"
  sourceId: "754b383f-14b9-4334-8d2a-0dca3b977536"
  referenceNo: "1428"
  orderId: "42ee0b89-0f47-4d51-8ff4-56e41701ca01"
2025-06-27 * "Invoice #738 Staff~ Stock Gold Jewellery 1.42g"
  Income:Sales:SalesItem:SellGoldJewelry -50.00 HKD
  category: "Jewelry"
  sku: "HM000003"
  qty: 1
  referenceNo: "738"
  orderId: "88a62a26-c9a1-47cb-9ba1-c7520abaa0bf"
  type: "Invoice Item"
  sourceId: "d37cb18a-89df-471d-80d9-0286bda56617"
  Income:Sales:SalesItem:SellGoldJewelry -1420.00 HKD
  category: "Gold Jewelry"
  sku: "DDFF2305120A000000000024"
  qty: 1
  referenceNo: "738"
  orderId: "88a62a26-c9a1-47cb-9ba1-c7520abaa0bf"
  type: "Invoice Item"
  sourceId: "31bb25f6-93f2-4193-bef0-336f33c2fa16"
  Assets:CurrentAssets:AccountReceivable
  referenceNo: "738"
  orderId: "88a62a26-c9a1-47cb-9ba1-c7520abaa0bf"
  type: "Invoice"
  sourceId: "88a62a26-c9a1-47cb-9ba1-c7520abaa0bf"
  contact: "880 802 (Walkin) [42348712-7daa-4c29-93b7-756b472429a4]"
2025-06-27 * "Assets:CurrentAssets:Bank:KpayBank" "Invoice Payment for Invoice #738 #1a63f524-3698-4fbd-9fd1-e9538d51c1e3"
  Assets:CurrentAssets:Bank:KpayBank 1470.00 HKD
  type: "Invoice Payment"
  sourceId: "1a63f524-3698-4fbd-9fd1-e9538d51c1e3"
  referenceNo: "738"
  orderId: "88a62a26-c9a1-47cb-9ba1-c7520abaa0bf"
  Assets:CurrentAssets:AccountReceivable -1470.00 HKD
  type: "Invoice Payment"
  sourceId: "1a63f524-3698-4fbd-9fd1-e9538d51c1e3"
  referenceNo: "738"
  orderId: "88a62a26-c9a1-47cb-9ba1-c7520abaa0bf"
  contact: "880 802 (Walkin) [42348712-7daa-4c29-93b7-756b472429a4]"
2025-06-28 * "Invoice #742 "
  Income:Sales:SalesItem:Sell18kJewelry -3922.00 HKD
  category: "Jewelry"
  sku: "DDBESPOKE00000036"
  qty: 1
  referenceNo: "742"
  orderId: "46395b03-2c90-4d4d-b2e1-1013f43e22e3"
  type: "Invoice Item"
  sourceId: "f97f1d85-7d2d-41f0-bc63-a9884918bfa6"
  Assets:CurrentAssets:AccountReceivable
  referenceNo: "742"
  orderId: "46395b03-2c90-4d4d-b2e1-1013f43e22e3"
  type: "Invoice"
  sourceId: "46395b03-2c90-4d4d-b2e1-1013f43e22e3"
  contact: "998 12345708 (DavidKwan(Director)) [02ab8da0-959b-440e-9733-c02eab1b0288]"
2025-06-28 * "Liabilities:CurrentLiabilities:CurrentAccount:C-a-DirectorDavidKwan" "Invoice Payment for Invoice #742 #d185b203-cba5-4b4b-b8d1-257aec80dfa8"
  Liabilities:CurrentLiabilities:CurrentAccount:C-a-DirectorDavidKwan 3922.00 HKD
  type: "Invoice Payment"
  sourceId: "d185b203-cba5-4b4b-b8d1-257aec80dfa8"
  referenceNo: "742"
  orderId: "46395b03-2c90-4d4d-b2e1-1013f43e22e3"
  Assets:CurrentAssets:AccountReceivable -3922.00 HKD
  type: "Invoice Payment"
  sourceId: "d185b203-cba5-4b4b-b8d1-257aec80dfa8"
  referenceNo: "742"
  orderId: "46395b03-2c90-4d4d-b2e1-1013f43e22e3"
  contact: "998 12345708 (DavidKwan(Director)) [02ab8da0-959b-440e-9733-c02eab1b0288]"
2025-06-29 * "Invoice #739 P2112/FNE813-71773-3合併為BN2509"
  Assets:CurrentAssets:ShopInventory:Jewelry --3873.00 HKD
  category: "Jewelry"
  sku: "DK20250701001"
  qty: -1
  referenceNo: "739"
  orderId: "8a1d9b5b-5a8f-4dee-8ba4-2f0ef1c78e1d"
  type: "Invoice Item"
  sourceId: "04e8ef2d-8b22-44eb-83b5-fede120d5334"
  Assets:CurrentAssets:ShopInventory:Jewelry -2793.00 HKD
  category: "Jewelry"
  sku: "DDFFFFFF0200000000000014"
  qty: 1
  referenceNo: "739"
  orderId: "8a1d9b5b-5a8f-4dee-8ba4-2f0ef1c78e1d"
  type: "Invoice Item"
  sourceId: "cc45668a-adf7-4c94-a7b4-38e259abdcfe"
  Assets:CurrentAssets:ShopInventory:Jewelry -1080.00 HKD
  category: "Jewelry"
  sku: "DDFFFFFF0700000000000021"
  qty: 1
  referenceNo: "739"
  orderId: "8a1d9b5b-5a8f-4dee-8ba4-2f0ef1c78e1d"
  type: "Invoice Item"
  sourceId: "53294236-cbf2-4164-b36f-d26535c718e9"
  Assets:CurrentAssets:AccountReceivable
  referenceNo: "739"
  orderId: "8a1d9b5b-5a8f-4dee-8ba4-2f0ef1c78e1d"
  type: "Invoice"
  sourceId: "8a1d9b5b-5a8f-4dee-8ba4-2f0ef1c78e1d"
  contact: "990 99991234 () [1c2c97f0-5613-4155-98ff-63758d5b872d]"