; ORDER transactions for 2025-05

2025-05-02 * "Income:OtherIncome:MiscellaneousIncome" "Invoice Payment for Invoice #704 #479bb973-9df7-4fc6-b364-621aea77373b"
  Income:OtherIncome:MiscellaneousIncome -0.16 HKD
  type: "Invoice Payment"
  sourceId: "479bb973-9df7-4fc6-b364-621aea77373b"
  referenceNo: "704"
  orderId: "68ebb149-e438-48a2-bd2f-bb4198f8a520"
  Assets:CurrentAssets:AccountReceivable --0.16 HKD
  type: "Invoice Payment"
  sourceId: "479bb973-9df7-4fc6-b364-621aea77373b"
  referenceNo: "704"
  orderId: "68ebb149-e438-48a2-bd2f-bb4198f8a520"
  contact: "880 802 (Walk in) [42348712-7daa-4c29-93b7-756b472429a4]"
2025-05-02 * "Invoice #704 金粒*27g"
  Income:Sales:SalesItem:SellGoldJewelry -22110.84 HKD
  category: "Gold Jewelry"
  sku: "GN000001"
  qty: 27
  referenceNo: "704"
  orderId: "68ebb149-e438-48a2-bd2f-bb4198f8a520"
  type: "Invoice Item"
  sourceId: "78e907ec-05fa-48b1-8398-586a3e46f0b5"
  Assets:CurrentAssets:AccountReceivable
  referenceNo: "704"
  orderId: "68ebb149-e438-48a2-bd2f-bb4198f8a520"
  type: "Invoice"
  sourceId: "68ebb149-e438-48a2-bd2f-bb4198f8a520"
  contact: "880 802 (Walk in) [42348712-7daa-4c29-93b7-756b472429a4]"
2025-05-02 * "Invoice #704 Bespoke Sapphire Ring #15"
  Income:Sales:SalesItem:SellGems -13500 HKD
  category: "Gem"
  sku: "SAP2504"
  qty: 1
  referenceNo: "704"
  orderId: "58049679-a11d-4288-a67c-9dbcae05b4e5"
  type: "Invoice Item"
  sourceId: "36c688bb-1278-44b5-ae1f-85692cbadba4"
  Income:Sales:SalesItem:SellBespokeorotherFee -4500 HKD
  category: "Jewelry"
  sku: "DDBESPOKE00000029"
  qty: 1
  referenceNo: "704"
  orderId: "58049679-a11d-4288-a67c-9dbcae05b4e5"
  type: "Invoice Item"
  sourceId: "24724e57-b514-435f-bb3a-2a2e10edd5ee"
  Income:Sales:SalesItem:Sell18kJewelry -0 HKD
  category: "Jewelry"
  sku: "DD2025010800000008"
  qty: 1
  referenceNo: "704"
  orderId: "58049679-a11d-4288-a67c-9dbcae05b4e5"
  type: "Invoice Item"
  sourceId: "6bf122f3-87af-4a3b-adff-d78e4faf18aa"
  Assets:CurrentAssets:AccountReceivable
  referenceNo: "704"
  orderId: "58049679-a11d-4288-a67c-9dbcae05b4e5"
  type: "Invoice"
  sourceId: "58049679-a11d-4288-a67c-9dbcae05b4e5"
  contact: "852 69922259 () [e9072a49-7cd2-4e3b-839d-1db94e1bd61d]"
2025-05-02 * "Assets:CurrentAssets:Bank:KpayBank" "Invoice Payment for Invoice #704 #d91f2a41-a7b0-4ee3-8109-9c34705eb2ea"
  Assets:CurrentAssets:Bank:KpayBank 15900 HKD
  type: "Invoice Payment"
  sourceId: "d91f2a41-a7b0-4ee3-8109-9c34705eb2ea"
  referenceNo: "704"
  orderId: "58049679-a11d-4288-a67c-9dbcae05b4e5"
  Assets:CurrentAssets:AccountReceivable -15900 HKD
  type: "Invoice Payment"
  sourceId: "d91f2a41-a7b0-4ee3-8109-9c34705eb2ea"
  referenceNo: "704"
  orderId: "58049679-a11d-4288-a67c-9dbcae05b4e5"
  contact: "852 69922259 () [e9072a49-7cd2-4e3b-839d-1db94e1bd61d]"
2025-05-02 * "Assets:CurrentAssets:Bank:KpayBank" "Invoice Payment for Invoice #704 #6859938d-a13c-4125-b2ea-0640bc28dde0"
  Assets:CurrentAssets:Bank:KpayBank 22111 HKD
  type: "Invoice Payment"
  sourceId: "6859938d-a13c-4125-b2ea-0640bc28dde0"
  referenceNo: "704"
  orderId: "68ebb149-e438-48a2-bd2f-bb4198f8a520"
  Assets:CurrentAssets:AccountReceivable -22111 HKD
  type: "Invoice Payment"
  sourceId: "6859938d-a13c-4125-b2ea-0640bc28dde0"
  referenceNo: "704"
  orderId: "68ebb149-e438-48a2-bd2f-bb4198f8a520"
  contact: "880 802 (Walk in) [42348712-7daa-4c29-93b7-756b472429a4]"
2025-05-05 * "Invoice #704 Stock R24125 #14"
  Income:Sales:SalesItem:Sell18kJewelry -2800 HKD
  category: "Jewelry"
  sku: "DD2024072900000003"
  qty: 1
  referenceNo: "704"
  orderId: "9ef59b9a-d091-4e0a-aca5-1d7d49535b62"
  type: "Invoice Item"
  sourceId: "c3e061ff-f52e-47ca-986a-d0db69c5654a"
  Assets:CurrentAssets:AccountReceivable
  referenceNo: "704"
  orderId: "9ef59b9a-d091-4e0a-aca5-1d7d49535b62"
  type: "Invoice"
  sourceId: "9ef59b9a-d091-4e0a-aca5-1d7d49535b62"
  contact: "880 802 (Walk in) [42348712-7daa-4c29-93b7-756b472429a4]"
2025-05-05 * "Bill #1325 ERIC~補貨/客訂"
  referenceNo: "1325"
  orderId: "66f40e7d-6221-4fc6-b582-b338fdd02164"
  type: "Bill"
  Expenses:CostOfSales:Purchase:PurchaseItem:Buy18kJewelry 1904 CNY
  category: "Jewelry"
  sku: "DD2025050500000001"
  qty: 1
  referenceNo: "1325"
  orderId: "66f40e7d-6221-4fc6-b582-b338fdd02164"
  type: "Bill Item"
  sourceId: "1335f791-71e9-4434-bb09-c9e44cfb4034"
  Expenses:CostOfSales:Purchase:PurchaseItem:Buy18kJewelry 2094 CNY
  category: "Jewelry"
  sku: "DD2025050500000002"
  qty: 1
  referenceNo: "1325"
  orderId: "66f40e7d-6221-4fc6-b582-b338fdd02164"
  type: "Bill Item"
  sourceId: "ca90bd39-2860-43ca-852f-600cd0afa0eb"
  Liabilities:CurrentLiabilities:AccountPayable
  referenceNo: "1325"
  orderId: "66f40e7d-6221-4fc6-b582-b338fdd02164"
  type: "Bill"
  sourceId: "66f40e7d-6221-4fc6-b582-b338fdd02164"
  contact: "86 97978678 (ERIC) [cb2cbf18-d8c3-40eb-a388-d7234ea70615]"
2025-05-05 * "Assets:CurrentAssets:Bank:KpayBank" "Invoice Payment for Invoice #704 #effbe36b-3bef-478c-90c6-c508f02d20b3"
  Assets:CurrentAssets:Bank:KpayBank 2800 HKD
  type: "Invoice Payment"
  sourceId: "effbe36b-3bef-478c-90c6-c508f02d20b3"
  referenceNo: "704"
  orderId: "9ef59b9a-d091-4e0a-aca5-1d7d49535b62"
  Assets:CurrentAssets:AccountReceivable -2800 HKD
  type: "Invoice Payment"
  sourceId: "effbe36b-3bef-478c-90c6-c508f02d20b3"
  referenceNo: "704"
  orderId: "9ef59b9a-d091-4e0a-aca5-1d7d49535b62"
  contact: "880 802 (Walk in) [42348712-7daa-4c29-93b7-756b472429a4]"
2025-05-06 * "Bill #1328 1.42CT SAP"
  referenceNo: "1328"
  orderId: "fc2da1d7-73fd-4ab6-afb3-878cde38b741"
  type: "Bill"
  Expenses:CostOfSales:Purchase:PurchaseItem:BuyGems 8100 HKD
  category: "Gem"
  sku: "SAP2504"
  qty: 1
  referenceNo: "1328"
  orderId: "fc2da1d7-73fd-4ab6-afb3-878cde38b741"
  type: "Bill Item"
  sourceId: "a4d9b0b1-8813-40f8-b62d-303f39ee2630"
  Liabilities:CurrentLiabilities:AccountPayable
  referenceNo: "1328"
  orderId: "fc2da1d7-73fd-4ab6-afb3-878cde38b741"
  type: "Bill"
  sourceId: "fc2da1d7-73fd-4ab6-afb3-878cde38b741"
  contact: "852 27332222 () [9fff2798-f1db-47cb-8899-6d52f49f6715]"
2025-05-06 * "Bill #1339 員工進修費用"
  referenceNo: "1339"
  orderId: "524b6e96-f690-4a86-92a4-1b7382ba5153"
  type: "Bill"
  Expenses:OfficeExpenses 4254.02 HKD
  qty: "1"
  description: "Sherley 珠寶課程學費 GPB 410"
  referenceNo: "1339"
  orderId: "524b6e96-f690-4a86-92a4-1b7382ba5153"
  type: "Bill Item"
  sourceId: "b65b0d9d-5a5a-47e6-a7db-a5403e18de30"
  Expenses:BankFeesExpense 327.56 HKD
  qty: "1"
  description: "BANK FEE"
  referenceNo: "1339"
  orderId: "524b6e96-f690-4a86-92a4-1b7382ba5153"
  type: "Bill Item"
  sourceId: "79f866fa-4ac7-4bf8-b014-680a768305f4"
  Liabilities:CurrentLiabilities:AccountPayable
  referenceNo: "1339"
  orderId: "524b6e96-f690-4a86-92a4-1b7382ba5153"
  type: "Bill"
  sourceId: "524b6e96-f690-4a86-92a4-1b7382ba5153"
  contact: "880 806 () [53b8789a-4451-4a1f-84f7-a9c5da7ada1a]"
2025-05-06 * "880 806 () [53b8789a-4451-4a1f-84f7-a9c5da7ada1a]" "Bill Payment for Bill #1339 #6e398bdf-8be5-49d3-9dfd-0a17c67b8b99"
  contact: "880 806 () [53b8789a-4451-4a1f-84f7-a9c5da7ada1a]"
  Liabilities:CurrentLiabilities:AccountPayable 4254.02 HKD
  type: "Bill Payment"
  sourceId: "6e398bdf-8be5-49d3-9dfd-0a17c67b8b99"
  referenceNo: "1339"
  orderId: "524b6e96-f690-4a86-92a4-1b7382ba5153"
  Assets:CurrentAssets:Bank:BocSavingBank -4254.02 HKD
  type: "Bill Payment"
  sourceId: "6e398bdf-8be5-49d3-9dfd-0a17c67b8b99"
  referenceNo: "1339"
  orderId: "524b6e96-f690-4a86-92a4-1b7382ba5153"
2025-05-06 * "880 806 () [53b8789a-4451-4a1f-84f7-a9c5da7ada1a]" "Bill Payment for Bill #1339 #d6300792-5724-4a0d-894f-5d05d6ba487b"
  contact: "880 806 () [53b8789a-4451-4a1f-84f7-a9c5da7ada1a]"
  Liabilities:CurrentLiabilities:AccountPayable 327.56 HKD
  type: "Bill Payment"
  sourceId: "d6300792-5724-4a0d-894f-5d05d6ba487b"
  referenceNo: "1339"
  orderId: "524b6e96-f690-4a86-92a4-1b7382ba5153"
  Assets:CurrentAssets:Bank:BocSavingBank -327.56 HKD
  type: "Bill Payment"
  sourceId: "d6300792-5724-4a0d-894f-5d05d6ba487b"
  referenceNo: "1339"
  orderId: "524b6e96-f690-4a86-92a4-1b7382ba5153"
2025-05-10 * "Invoice #712 Stock BN2502"
  Income:Sales:SalesItem:Sell18kJewelry -3800 HKD
  category: "Jewelry"
  sku: "DD2025051000000001"
  qty: 1
  referenceNo: "712"
  orderId: "9faedb94-5ad1-44c5-9eda-9444f60e7a8d"
  type: "Invoice Item"
  sourceId: "6f48dddc-b5d1-4d17-a25c-3fb2b1d27424"
  Income:Sales:SalesItem:Sell18kJewelry -0 HKD
  category: "Jewelry"
  sku: "DD2025010800000007"
  qty: 1
  referenceNo: "712"
  orderId: "9faedb94-5ad1-44c5-9eda-9444f60e7a8d"
  type: "Invoice Item"
  sourceId: "f0b3012a-d0f1-4a8b-baf4-51b8745ab896"
  Assets:CurrentAssets:AccountReceivable
  referenceNo: "712"
  orderId: "9faedb94-5ad1-44c5-9eda-9444f60e7a8d"
  type: "Invoice"
  sourceId: "9faedb94-5ad1-44c5-9eda-9444f60e7a8d"
  contact: "852 56654324 () [1aa53c07-31e6-40b6-afee-8c1f60d4ca9f]"
2025-05-10 * "Bill #1327 嚴丹鳳代鑲石 合併"
  referenceNo: "1327"
  orderId: "41f667cf-a9b2-4bb8-ab4c-37c90fb667fb"
  type: "Bill"
  Assets:CurrentAssets:ShopInventory:Gemstones -1076 HKD
  category: "Gem"
  sku: "SAP2423"
  qty: -1
  referenceNo: "1327"
  orderId: "41f667cf-a9b2-4bb8-ab4c-37c90fb667fb"
  type: "Bill Item"
  sourceId: "c8be6e9a-3f36-46a6-aa79-1220bcbb3efe"
  Assets:CurrentAssets:ShopInventory:Gemstones -1076 HKD
  category: "Gem"
  sku: "SAP2435"
  qty: -1
  referenceNo: "1327"
  orderId: "41f667cf-a9b2-4bb8-ab4c-37c90fb667fb"
  type: "Bill Item"
  sourceId: "f23d9153-9d95-436a-95e7-b8527e7342b1"
  Assets:CurrentAssets:ShopInventory:Gemstones -1076 HKD
  category: "Gem"
  sku: "SAP2420"
  qty: -1
  referenceNo: "1327"
  orderId: "41f667cf-a9b2-4bb8-ab4c-37c90fb667fb"
  type: "Bill Item"
  sourceId: "c5a77d7f-e48f-4872-b2d7-beb7740a1ace"
  Assets:CurrentAssets:ShopInventory:Jewelry 2784 HKD
  category: "Jewelry"
  sku: "DD2025051000000001"
  qty: 1
  referenceNo: "1327"
  orderId: "41f667cf-a9b2-4bb8-ab4c-37c90fb667fb"
  type: "Bill Item"
  sourceId: "b088c7c8-906a-4982-bf6c-a5bb8d24a518"
  Expenses:CostOfSales:Purchase:PurchaseItem:Buy18kJewelry 3533 HKD
  category: "Jewelry"
  sku: "DD2025051000000004"
  qty: 1
  referenceNo: "1327"
  orderId: "41f667cf-a9b2-4bb8-ab4c-37c90fb667fb"
  type: "Bill Item"
  sourceId: "c69ae173-87b4-41d9-bec2-0820874cae5f"
  Assets:CurrentAssets:ShopInventory:Jewelry 2182 HKD
  category: "Jewelry"
  sku: "DD2025051000000002"
  qty: 1
  referenceNo: "1327"
  orderId: "41f667cf-a9b2-4bb8-ab4c-37c90fb667fb"
  type: "Bill Item"
  sourceId: "f0e0aa2a-e171-432e-8467-7fee8715c159"
  Assets:CurrentAssets:ShopInventory:Jewelry 2243 HKD
  category: "Jewelry"
  sku: "DD2025051000000003"
  qty: 1
  referenceNo: "1327"
  orderId: "41f667cf-a9b2-4bb8-ab4c-37c90fb667fb"
  type: "Bill Item"
  sourceId: "841bacee-2a16-47ea-a880-106eafbb5de6"
  Expenses:CostOfSales:Purchase:PurchaseItem:Buy18kJewelry 1106 HKD
  qty: "1"
  description: "做貨 SAP2423/BR2503 $1106"
  referenceNo: "1327"
  orderId: "41f667cf-a9b2-4bb8-ab4c-37c90fb667fb"
  type: "Bill Item"
  sourceId: "9372ea4f-f209-4696-b993-7b8897f7b310"
  Expenses:CostOfSales:Purchase:PurchaseItem:Buy18kJewelry 1167 HKD
  qty: "1"
  description: "做貨 SAP2435/BR2504 $1167"
  referenceNo: "1327"
  orderId: "41f667cf-a9b2-4bb8-ab4c-37c90fb667fb"
  type: "Bill Item"
  sourceId: "e236e07c-46d2-4fab-9dde-2222f7de1814"
  Expenses:CostOfSales:Purchase:PurchaseItem:Buy18kJewelry 1108 HKD
  qty: "1"
  description: "做貨 SAP2420/BN2502 $844 +$864 (項鍊)"
  referenceNo: "1327"
  orderId: "41f667cf-a9b2-4bb8-ab4c-37c90fb667fb"
  type: "Bill Item"
  sourceId: "c6ffaa26-3206-42f0-9d1a-36eb97f1e25d"
  Assets:CurrentAssets:ShopInventory:Jewelry -1106 HKD
  qty: "-1"
  description: "做貨 SAP2423/BR2503 $1106"
  referenceNo: "1327"
  orderId: "41f667cf-a9b2-4bb8-ab4c-37c90fb667fb"
  type: "Bill Item"
  sourceId: "0a9d591e-1467-463e-ad70-84363288ffde"
  Assets:CurrentAssets:ShopInventory:Jewelry -1167 HKD
  qty: "-1"
  description: "做貨 SAP2435/BR2504 $1167"
  referenceNo: "1327"
  orderId: "41f667cf-a9b2-4bb8-ab4c-37c90fb667fb"
  type: "Bill Item"
  sourceId: "8af64630-5384-4144-b788-00910bad6b36"
  Assets:CurrentAssets:ShopInventory:Jewelry -1108 HKD
  qty: "-1"
  description: "做貨 SAP2420/BN2502 $844 +$864 (項鍊)"
  referenceNo: "1327"
  orderId: "41f667cf-a9b2-4bb8-ab4c-37c90fb667fb"
  type: "Bill Item"
  sourceId: "61bcb6dd-9cdb-4d4f-84f1-8d1b22213ac4"
  Liabilities:CurrentLiabilities:AccountPayable
  referenceNo: "1327"
  orderId: "41f667cf-a9b2-4bb8-ab4c-37c90fb667fb"
  type: "Bill"
  sourceId: "41f667cf-a9b2-4bb8-ab4c-37c90fb667fb"
  contact: "86 13502891558 () [0855f826-2f3a-4788-bfb1-5f09653c1ad0]"
2025-05-10 * "Invoice #712 Stock R24145"
  Income:Sales:SalesItem:Sell18kJewelry -2000 HKD
  category: "Jewelry"
  sku: "DD2024122700000005"
  qty: 1
  referenceNo: "712"
  orderId: "d16dbb0b-bff7-41dc-b77c-b75bbcbc3ff1"
  type: "Invoice Item"
  sourceId: "8ada4d81-03f5-4e90-98f8-c49c9fa99040"
  Assets:CurrentAssets:AccountReceivable
  referenceNo: "712"
  orderId: "d16dbb0b-bff7-41dc-b77c-b75bbcbc3ff1"
  type: "Invoice"
  sourceId: "d16dbb0b-bff7-41dc-b77c-b75bbcbc3ff1"
  contact: "852 70713695 () [f2ffec27-0c3e-4e22-a3a1-acea3266a382]"
2025-05-10 * "Assets:CurrentAssets:Bank:BocSavingBank" "Invoice Payment for Invoice #692 #f857f47a-aa9a-45f4-815e-d32244b45757"
  Assets:CurrentAssets:Bank:BocSavingBank 1750 HKD
  type: "Invoice Payment"
  sourceId: "f857f47a-aa9a-45f4-815e-d32244b45757"
  referenceNo: "692"
  orderId: "52ee3726-21eb-4fa4-beaf-c27c643dc4fb"
  Assets:CurrentAssets:AccountReceivable -1750 HKD
  type: "Invoice Payment"
  sourceId: "f857f47a-aa9a-45f4-815e-d32244b45757"
  referenceNo: "692"
  orderId: "52ee3726-21eb-4fa4-beaf-c27c643dc4fb"
  contact: "852 63836162 () [1d7425cc-ff51-4a90-a75e-13a1f84b7869]"
2025-05-10 * "Invoice #712 Stock R24131 #11"
  Income:Sales:SalesItem:Sell18kJewelry -2800 HKD
  category: "Jewelry"
  sku: "DD2025042800000001"
  qty: 1
  referenceNo: "712"
  orderId: "69efcf81-3610-4f6f-a68c-415325f62458"
  type: "Invoice Item"
  sourceId: "82bda8b1-9f8b-48a2-a013-addcae0da1ba"
  Assets:CurrentAssets:AccountReceivable
  referenceNo: "712"
  orderId: "69efcf81-3610-4f6f-a68c-415325f62458"
  type: "Invoice"
  sourceId: "69efcf81-3610-4f6f-a68c-415325f62458"
  contact: "852 64310044 () [84d0c089-a1bc-4812-a1f1-9f5f99f7d66e]"
2025-05-10 * "Assets:CurrentAssets:Bank:KpayBank" "Invoice Payment for Invoice #712 #3fd80824-5345-410c-ba03-022408eb8473"
  Assets:CurrentAssets:Bank:KpayBank 2800 HKD
  type: "Invoice Payment"
  sourceId: "3fd80824-5345-410c-ba03-022408eb8473"
  referenceNo: "712"
  orderId: "69efcf81-3610-4f6f-a68c-415325f62458"
  Assets:CurrentAssets:AccountReceivable -2800 HKD
  type: "Invoice Payment"
  sourceId: "3fd80824-5345-410c-ba03-022408eb8473"
  referenceNo: "712"
  orderId: "69efcf81-3610-4f6f-a68c-415325f62458"
  contact: "852 64310044 () [84d0c089-a1bc-4812-a1f1-9f5f99f7d66e]"
2025-05-10 * "Assets:CurrentAssets:Bank:KpayBank" "Invoice Payment for Invoice #712 #3db97cb5-7ddb-4da2-9c46-8c2f21900fda"
  Assets:CurrentAssets:Bank:KpayBank 3800 HKD
  type: "Invoice Payment"
  sourceId: "3db97cb5-7ddb-4da2-9c46-8c2f21900fda"
  referenceNo: "712"
  orderId: "9faedb94-5ad1-44c5-9eda-9444f60e7a8d"
  Assets:CurrentAssets:AccountReceivable -3800 HKD
  type: "Invoice Payment"
  sourceId: "3db97cb5-7ddb-4da2-9c46-8c2f21900fda"
  referenceNo: "712"
  orderId: "9faedb94-5ad1-44c5-9eda-9444f60e7a8d"
  contact: "852 56654324 () [1aa53c07-31e6-40b6-afee-8c1f60d4ca9f]"
2025-05-10 * "86 13502891558 () [0855f826-2f3a-4788-bfb1-5f09653c1ad0]" "Bill Payment for Bill #1327 #5f96beb1-0ade-40c3-8cff-224effb0f920"
  contact: "86 13502891558 () [0855f826-2f3a-4788-bfb1-5f09653c1ad0]"
  Liabilities:CurrentLiabilities:AccountPayable 7514 HKD
  type: "Bill Payment"
  sourceId: "5f96beb1-0ade-40c3-8cff-224effb0f920"
  referenceNo: "1327"
  orderId: "41f667cf-a9b2-4bb8-ab4c-37c90fb667fb"
  Assets:CurrentAssets:Cash:CashInHand -7514 HKD
  type: "Bill Payment"
  sourceId: "5f96beb1-0ade-40c3-8cff-224effb0f920"
  referenceNo: "1327"
  orderId: "41f667cf-a9b2-4bb8-ab4c-37c90fb667fb"
2025-05-10 * "Assets:CurrentAssets:Bank:KpayBank" "Invoice Payment for Invoice #712 #f533ebf3-48b1-4515-b25d-105ab4377a53"
  Assets:CurrentAssets:Bank:KpayBank 2000 HKD
  type: "Invoice Payment"
  sourceId: "f533ebf3-48b1-4515-b25d-105ab4377a53"
  referenceNo: "712"
  orderId: "d16dbb0b-bff7-41dc-b77c-b75bbcbc3ff1"
  Assets:CurrentAssets:AccountReceivable -2000 HKD
  type: "Invoice Payment"
  sourceId: "f533ebf3-48b1-4515-b25d-105ab4377a53"
  referenceNo: "712"
  orderId: "d16dbb0b-bff7-41dc-b77c-b75bbcbc3ff1"
  contact: "852 70713695 () [f2ffec27-0c3e-4e22-a3a1-acea3266a382]"
2025-05-13 * "Bill #1346 G17電費(2025-04月)"
  referenceNo: "1346"
  orderId: "87f19df7-e4e0-45ff-9071-26259cd7a902"
  type: "Bill"
  Expenses:GeneralExpense:ElectricityLightHeating 1980 HKD
  qty: "1"
  description: "G17電費(2025-04月)"
  referenceNo: "1346"
  orderId: "87f19df7-e4e0-45ff-9071-26259cd7a902"
  type: "Bill Item"
  sourceId: "73f0a35b-3fb5-484c-a163-b54d68a7f413"
  Liabilities:CurrentLiabilities:AccountPayable
  referenceNo: "1346"
  orderId: "87f19df7-e4e0-45ff-9071-26259cd7a902"
  type: "Bill"
  sourceId: "87f19df7-e4e0-45ff-9071-26259cd7a902"
  contact: "880 806 () [53b8789a-4451-4a1f-84f7-a9c5da7ada1a]"
2025-05-13 * "Bill #1329 2.45CT/3PCS 3.46CT/47PCS"
  referenceNo: "1329"
  orderId: "ba0b63b9-a327-4ee6-84bb-e7d22b41899c"
  type: "Bill"
  Expenses:CostOfSales:Purchase:PurchaseItem:BuyGems 1369 HKD
  category: "Gem"
  sku: "SAP2505"
  qty: 1
  referenceNo: "1329"
  orderId: "ba0b63b9-a327-4ee6-84bb-e7d22b41899c"
  type: "Bill Item"
  sourceId: "1018e032-5280-4daf-b9c5-8a60ce108055"
  Expenses:CostOfSales:Purchase:PurchaseItem:BuyGems 1898.9974 HKD
  category: "Gem"
  sku: "SAP2508"
  qty: 47
  referenceNo: "1329"
  orderId: "ba0b63b9-a327-4ee6-84bb-e7d22b41899c"
  type: "Bill Item"
  sourceId: "0d60e7a6-02c1-42b3-ba7a-f50c200b4b10"
  Expenses:CostOfSales:Purchase:PurchaseItem:BuyGems 1551 HKD
  category: "Gem"
  sku: "SAP2507"
  qty: 1
  referenceNo: "1329"
  orderId: "ba0b63b9-a327-4ee6-84bb-e7d22b41899c"
  type: "Bill Item"
  sourceId: "37360f2d-0447-4cd7-9ed3-4e1cf0c70eaf"
  Expenses:CostOfSales:Purchase:PurchaseItem:BuyGems 1369 HKD
  category: "Gem"
  sku: "SAP2506"
  qty: 1
  referenceNo: "1329"
  orderId: "ba0b63b9-a327-4ee6-84bb-e7d22b41899c"
  type: "Bill Item"
  sourceId: "a0a6667b-2455-4435-95d2-0c6a81c76a20"
  Liabilities:CurrentLiabilities:AccountPayable
  referenceNo: "1329"
  orderId: "ba0b63b9-a327-4ee6-84bb-e7d22b41899c"
  type: "Bill"
  sourceId: "ba0b63b9-a327-4ee6-84bb-e7d22b41899c"
  contact: "852 27332222 () [9fff2798-f1db-47cb-8899-6d52f49f6715]"
2025-05-13 * "880 806 () [53b8789a-4451-4a1f-84f7-a9c5da7ada1a]" "Bill Payment for Bill #1346 #e6284479-1bb5-4421-9146-8aac6c8655c7"
  contact: "880 806 () [53b8789a-4451-4a1f-84f7-a9c5da7ada1a]"
  Liabilities:CurrentLiabilities:AccountPayable 1980 HKD
  type: "Bill Payment"
  sourceId: "e6284479-1bb5-4421-9146-8aac6c8655c7"
  referenceNo: "1346"
  orderId: "87f19df7-e4e0-45ff-9071-26259cd7a902"
  Assets:CurrentAssets:Cash:CashInHand -1980 HKD
  type: "Bill Payment"
  sourceId: "e6284479-1bb5-4421-9146-8aac6c8655c7"
  referenceNo: "1346"
  orderId: "87f19df7-e4e0-45ff-9071-26259cd7a902"
2025-05-13 * "852 27332222 () [9fff2798-f1db-47cb-8899-6d52f49f6715]" "Bill Payment for Bill #1328 #3f588f4e-79ae-4082-82be-7f9f09c849cb"
  contact: "852 27332222 () [9fff2798-f1db-47cb-8899-6d52f49f6715]"
  Liabilities:CurrentLiabilities:AccountPayable 8100 HKD
  type: "Bill Payment"
  sourceId: "3f588f4e-79ae-4082-82be-7f9f09c849cb"
  referenceNo: "1328"
  orderId: "fc2da1d7-73fd-4ab6-afb3-878cde38b741"
  Assets:CurrentAssets:Cash:CashInHand -8100 HKD
  type: "Bill Payment"
  sourceId: "3f588f4e-79ae-4082-82be-7f9f09c849cb"
  referenceNo: "1328"
  orderId: "fc2da1d7-73fd-4ab6-afb3-878cde38b741"
2025-05-13 * "852 27332222 () [9fff2798-f1db-47cb-8899-6d52f49f6715]" "Bill Payment for Bill #1329 #17d79816-9172-4c53-8cea-d59cf29dab38"
  contact: "852 27332222 () [9fff2798-f1db-47cb-8899-6d52f49f6715]"
  Liabilities:CurrentLiabilities:AccountPayable 6188 HKD
  type: "Bill Payment"
  sourceId: "17d79816-9172-4c53-8cea-d59cf29dab38"
  referenceNo: "1329"
  orderId: "ba0b63b9-a327-4ee6-84bb-e7d22b41899c"
  Assets:CurrentAssets:Cash:CashInHand -6188 HKD
  type: "Bill Payment"
  sourceId: "17d79816-9172-4c53-8cea-d59cf29dab38"
  referenceNo: "1329"
  orderId: "ba0b63b9-a327-4ee6-84bb-e7d22b41899c"
2025-05-14 * "Invoice #834 Ref bill#1330 inv#712 R24131 甩石修理"
  Income:Sales:SalesItem:Sell-ForProcess交外廠加工 -0 HKD
  category: "Other"
  sku: "Processing 062"
  qty: 1
  referenceNo: "834"
  orderId: "72492509-b288-44a5-a106-e5962e85d0fd"
  type: "Invoice Item"
  sourceId: "54cf4f57-62b7-4678-9077-5885f79504c7"
  Assets:CurrentAssets:AccountReceivable
  referenceNo: "834"
  orderId: "72492509-b288-44a5-a106-e5962e85d0fd"
  type: "Invoice"
  sourceId: "72492509-b288-44a5-a106-e5962e85d0fd"
  contact: "852 64310044 () [84d0c089-a1bc-4812-a1f1-9f5f99f7d66e]"
2025-05-14 * "Bill #1330 INV#1004 甩石修理"
  referenceNo: "1330"
  orderId: "5f50370d-fccd-4a48-8a86-1d599e3780b7"
  type: "Bill"
  Expenses:CostOfSales:Purchase:PurchaseItem:BuyCost-ProcessingFee 100 HKD
  qty: "1"
  description: "INV#1004 R24131 甩石修理"
  referenceNo: "1330"
  orderId: "5f50370d-fccd-4a48-8a86-1d599e3780b7"
  type: "Bill Item"
  sourceId: "239dd58f-c6b5-4257-ae55-a94b57c4cfaa"
  Expenses:CostOfSales:Purchase:PurchaseItem:BuyCost-ProcessingFee 100 HKD
  category: "Other"
  sku: "Processing 062"
  qty: 1
  referenceNo: "1330"
  orderId: "5f50370d-fccd-4a48-8a86-1d599e3780b7"
  type: "Bill Item"
  sourceId: "b6e0393c-f7a7-4021-975c-56d380f0eec1"
  Liabilities:CurrentLiabilities:AccountPayable
  referenceNo: "1330"
  orderId: "5f50370d-fccd-4a48-8a86-1d599e3780b7"
  type: "Bill"
  sourceId: "5f50370d-fccd-4a48-8a86-1d599e3780b7"
  contact: "852 96221974 (強哥 首飾加工師傅) [cef6a8eb-0892-4a7c-bfdc-328752af4fd5]"
2025-05-15 * "852 96221974 (強哥 首飾加工師傅) [cef6a8eb-0892-4a7c-bfdc-328752af4fd5]" "Bill Payment for Bill #1330 #8bde1e42-e6b5-432e-896a-12e26b97d6e1"
  contact: "852 96221974 (強哥 首飾加工師傅) [cef6a8eb-0892-4a7c-bfdc-328752af4fd5]"
  Liabilities:CurrentLiabilities:AccountPayable 100 HKD
  type: "Bill Payment"
  sourceId: "8bde1e42-e6b5-432e-896a-12e26b97d6e1"
  referenceNo: "1330"
  orderId: "5f50370d-fccd-4a48-8a86-1d599e3780b7"
  Assets:CurrentAssets:Cash:CashInHand -100 HKD
  type: "Bill Payment"
  sourceId: "8bde1e42-e6b5-432e-896a-12e26b97d6e1"
  referenceNo: "1330"
  orderId: "5f50370d-fccd-4a48-8a86-1d599e3780b7"
2025-05-15 * "Bill #1331 ERIC~補貨/客訂"
  referenceNo: "1331"
  orderId: "d73b9cc5-9875-4bf1-95f9-aec717f2e1c8"
  type: "Bill"
  Expenses:CostOfSales:Purchase:PurchaseItem:Buy18kJewelry 1804 CNY
  category: "Jewelry"
  sku: "DD2025051500000001"
  qty: 1
  referenceNo: "1331"
  orderId: "d73b9cc5-9875-4bf1-95f9-aec717f2e1c8"
  type: "Bill Item"
  sourceId: "53f43ac1-27e5-4df9-bd59-0d7a50b42e56"
  Expenses:CostOfSales:Purchase:PurchaseItem:Buy18kJewelry 1804 CNY
  category: "Jewelry"
  sku: "DD2025051500000002"
  qty: 1
  referenceNo: "1331"
  orderId: "d73b9cc5-9875-4bf1-95f9-aec717f2e1c8"
  type: "Bill Item"
  sourceId: "57e75425-85d5-438e-959a-4adf37d2bb07"
  Liabilities:CurrentLiabilities:AccountPayable
  referenceNo: "1331"
  orderId: "d73b9cc5-9875-4bf1-95f9-aec717f2e1c8"
  type: "Bill"
  sourceId: "d73b9cc5-9875-4bf1-95f9-aec717f2e1c8"
  contact: "86 97978678 (ERIC) [cb2cbf18-d8c3-40eb-a388-d7234ea70615]"
2025-05-15 * "86 97978678 (ERIC) [cb2cbf18-d8c3-40eb-a388-d7234ea70615]" "Bill Payment for Bill #1331 #080cabd4-af09-4daf-bd43-ac6036c99686"
  contact: "86 97978678 (ERIC) [cb2cbf18-d8c3-40eb-a388-d7234ea70615]"
  Liabilities:CurrentLiabilities:AccountPayable 3608 CNY
  type: "Bill Payment"
  sourceId: "080cabd4-af09-4daf-bd43-ac6036c99686"
  referenceNo: "1331"
  orderId: "d73b9cc5-9875-4bf1-95f9-aec717f2e1c8"
  Assets:CurrentAssets:TradeDeposit:TradeDeposit-Eric -3608 CNY
  type: "Bill Payment"
  sourceId: "080cabd4-af09-4daf-bd43-ac6036c99686"
  referenceNo: "1331"
  orderId: "d73b9cc5-9875-4bf1-95f9-aec717f2e1c8"
2025-05-15 * "86 97978678 (ERIC) [cb2cbf18-d8c3-40eb-a388-d7234ea70615]" "Bill Payment for Bill #1325 #dec808f4-b6c5-496e-8045-2f3283467547"
  contact: "86 97978678 (ERIC) [cb2cbf18-d8c3-40eb-a388-d7234ea70615]"
  Liabilities:CurrentLiabilities:AccountPayable 3998 CNY
  type: "Bill Payment"
  sourceId: "dec808f4-b6c5-496e-8045-2f3283467547"
  referenceNo: "1325"
  orderId: "66f40e7d-6221-4fc6-b582-b338fdd02164"
  Assets:CurrentAssets:TradeDeposit:TradeDeposit-Eric -3998 CNY
  type: "Bill Payment"
  sourceId: "dec808f4-b6c5-496e-8045-2f3283467547"
  referenceNo: "1325"
  orderId: "66f40e7d-6221-4fc6-b582-b338fdd02164"
2025-05-16 * "Invoice #712 Stock R2101"
  Income:Sales:SalesItem:Sell18kJewelry -10000 HKD
  category: "Jewelry"
  sku: "DDFFFFFF0500000000000031"
  qty: 1
  referenceNo: "712"
  orderId: "29c6c546-bccf-4476-b2a6-31d3de9f5273"
  type: "Invoice Item"
  sourceId: "266e6f55-42c8-4c4e-a95c-647b249bad0d"
  Assets:CurrentAssets:AccountReceivable
  referenceNo: "712"
  orderId: "29c6c546-bccf-4476-b2a6-31d3de9f5273"
  type: "Invoice"
  sourceId: "29c6c546-bccf-4476-b2a6-31d3de9f5273"
  contact: "880 802 (Walk in) [42348712-7daa-4c29-93b7-756b472429a4]"
2025-05-16 * "Assets:CurrentAssets:Bank:KpayBank" "Invoice Payment for Invoice #712 #97917131-0833-404a-9618-09b3e28a89ef"
  Assets:CurrentAssets:Bank:KpayBank 10000 HKD
  type: "Invoice Payment"
  sourceId: "97917131-0833-404a-9618-09b3e28a89ef"
  referenceNo: "712"
  orderId: "29c6c546-bccf-4476-b2a6-31d3de9f5273"
  Assets:CurrentAssets:AccountReceivable -10000 HKD
  type: "Invoice Payment"
  sourceId: "97917131-0833-404a-9618-09b3e28a89ef"
  referenceNo: "712"
  orderId: "29c6c546-bccf-4476-b2a6-31d3de9f5273"
  contact: "880 802 (Walk in) [42348712-7daa-4c29-93b7-756b472429a4]"
2025-05-17 * "Invoice #709 Stock Gold Jewellery 3.72g*951.93 工費$358.82"
  Income:Sales:SalesItem:SellGoldJewelry -3900 HKD
  category: "Gold Jewelry"
  sku: "DDFF23051703000000000010"
  qty: 1
  referenceNo: "709"
  orderId: "e7028148-1efc-4faf-ad08-e8248a8af1fa"
  type: "Invoice Item"
  sourceId: "13c0632e-432a-41bb-85a8-f7721e9419e4"
  Assets:CurrentAssets:AccountReceivable
  referenceNo: "709"
  orderId: "e7028148-1efc-4faf-ad08-e8248a8af1fa"
  type: "Invoice"
  sourceId: "e7028148-1efc-4faf-ad08-e8248a8af1fa"
  contact: "880 802 (Walk in) [42348712-7daa-4c29-93b7-756b472429a4]"
2025-05-17 * "Bill #1332 BILL#1328 1.42CTSAP IGI證書"
  referenceNo: "1332"
  orderId: "f046666a-f425-4280-a966-99db23b75108"
  type: "Bill"
  Expenses:CostOfSales:Purchase:PurchaseItem:BuyCost-ProcessingFee 320 HKD
  category: "Other"
  sku: "Processing 056"
  qty: 1
  referenceNo: "1332"
  orderId: "f046666a-f425-4280-a966-99db23b75108"
  type: "Bill Item"
  sourceId: "989b3b43-5e41-4cac-9fa9-d719e2350bd3"
  Liabilities:CurrentLiabilities:AccountPayable
  referenceNo: "1332"
  orderId: "f046666a-f425-4280-a966-99db23b75108"
  type: "Bill"
  sourceId: "f046666a-f425-4280-a966-99db23b75108"
  contact: "852 27332222 () [9fff2798-f1db-47cb-8899-6d52f49f6715]"
2025-05-17 * "Invoice #710 R24125 R24159 BR2504"
  Income:Sales:SalesItem:Sell18kJewelry -3200 HKD
  category: "Jewelry"
  sku: "DD2025051000000003"
  qty: 1
  referenceNo: "710"
  orderId: "de86cbbb-7151-484e-9404-9d1e7b8641e4"
  type: "Invoice Item"
  sourceId: "5deeade2-4770-4ea0-8e56-1eef331a0309"
  Income:Sales:SalesItem:Sell18kJewelry -1100 HKD
  category: "Jewelry"
  sku: "DD2024122700000019"
  qty: 1
  referenceNo: "710"
  orderId: "de86cbbb-7151-484e-9404-9d1e7b8641e4"
  type: "Invoice Item"
  sourceId: "b7c62b0f-f7df-4678-ab79-2279c2546298"
  Income:Sales:SalesItem:Sell18kJewelry -2800 HKD
  category: "Jewelry"
  sku: "DD2025051500000001"
  qty: 1
  referenceNo: "710"
  orderId: "de86cbbb-7151-484e-9404-9d1e7b8641e4"
  type: "Invoice Item"
  sourceId: "3c9ab53f-1a80-4bf2-9d47-5379f30e35eb"
  Assets:CurrentAssets:AccountReceivable
  referenceNo: "710"
  orderId: "de86cbbb-7151-484e-9404-9d1e7b8641e4"
  type: "Invoice"
  sourceId: "de86cbbb-7151-484e-9404-9d1e7b8641e4"
  contact: "852 98700786 () [3a6b353c-972b-46a9-8da3-5d780db7e8ec]"
2025-05-17 * "852 27332222 () [9fff2798-f1db-47cb-8899-6d52f49f6715]" "Bill Payment for Bill #1332 #d1387e00-7eff-43d1-a0b1-bf3e1c4adb8b"
  contact: "852 27332222 () [9fff2798-f1db-47cb-8899-6d52f49f6715]"
  Liabilities:CurrentLiabilities:AccountPayable 320 HKD
  type: "Bill Payment"
  sourceId: "d1387e00-7eff-43d1-a0b1-bf3e1c4adb8b"
  referenceNo: "1332"
  orderId: "f046666a-f425-4280-a966-99db23b75108"
  Assets:CurrentAssets:Cash:CashInHand -320 HKD
  type: "Bill Payment"
  sourceId: "d1387e00-7eff-43d1-a0b1-bf3e1c4adb8b"
  referenceNo: "1332"
  orderId: "f046666a-f425-4280-a966-99db23b75108"
2025-05-17 * "Assets:CurrentAssets:Bank:KpayBank" "Invoice Payment for Invoice #709 #f85ccada-6581-4a3a-8cfe-7b207849b5b9"
  Assets:CurrentAssets:Bank:KpayBank 3900 HKD
  type: "Invoice Payment"
  sourceId: "f85ccada-6581-4a3a-8cfe-7b207849b5b9"
  referenceNo: "709"
  orderId: "e7028148-1efc-4faf-ad08-e8248a8af1fa"
  Assets:CurrentAssets:AccountReceivable -3900 HKD
  type: "Invoice Payment"
  sourceId: "f85ccada-6581-4a3a-8cfe-7b207849b5b9"
  referenceNo: "709"
  orderId: "e7028148-1efc-4faf-ad08-e8248a8af1fa"
  contact: "880 802 (Walk in) [42348712-7daa-4c29-93b7-756b472429a4]"
2025-05-17 * "Assets:CurrentAssets:Bank:KpayBank" "Invoice Payment for Invoice #710 #4e30c293-a8a3-4dad-bb83-fd4203ba7177"
  Assets:CurrentAssets:Bank:KpayBank 7100 HKD
  type: "Invoice Payment"
  sourceId: "4e30c293-a8a3-4dad-bb83-fd4203ba7177"
  referenceNo: "710"
  orderId: "de86cbbb-7151-484e-9404-9d1e7b8641e4"
  Assets:CurrentAssets:AccountReceivable -7100 HKD
  type: "Invoice Payment"
  sourceId: "4e30c293-a8a3-4dad-bb83-fd4203ba7177"
  referenceNo: "710"
  orderId: "de86cbbb-7151-484e-9404-9d1e7b8641e4"
  contact: "852 98700786 () [3a6b353c-972b-46a9-8da3-5d780db7e8ec]"
2025-05-18 * "Invoice #711 Stock B2112"
  Income:Sales:SalesItem:Sell18kJewelry -3880 HKD
  category: "Jewelry"
  sku: "DDFFFFFF0400000000000001"
  qty: 1
  referenceNo: "711"
  orderId: "c9dfa13a-98ca-44c2-9397-14d395732b2a"
  type: "Invoice Item"
  sourceId: "c611303d-6604-4565-b135-0ec0edd37ad5"
  Assets:CurrentAssets:AccountReceivable
  referenceNo: "711"
  orderId: "c9dfa13a-98ca-44c2-9397-14d395732b2a"
  type: "Invoice"
  sourceId: "c9dfa13a-98ca-44c2-9397-14d395732b2a"
  contact: " 62360846 () [3513b0d0-6436-44d0-88cd-62a8f6cddcd7]"
2025-05-18 * "Assets:CurrentAssets:Bank:BocSavingBank" "Invoice Payment for Invoice #711 #80630744-3583-493a-a44c-71bdc225e59b"
  Assets:CurrentAssets:Bank:BocSavingBank 3880 HKD
  type: "Invoice Payment"
  sourceId: "80630744-3583-493a-a44c-71bdc225e59b"
  referenceNo: "711"
  orderId: "c9dfa13a-98ca-44c2-9397-14d395732b2a"
  Assets:CurrentAssets:AccountReceivable -3880 HKD
  type: "Invoice Payment"
  sourceId: "80630744-3583-493a-a44c-71bdc225e59b"
  referenceNo: "711"
  orderId: "c9dfa13a-98ca-44c2-9397-14d395732b2a"
  contact: " 62360846 () [3513b0d0-6436-44d0-88cd-62a8f6cddcd7]"
2025-05-19 * "Invoice #713 Stock R24131 #12 E2456"
  Income:Sales:SalesItem:Sell18kJewelry -2800 HKD
  category: "Jewelry"
  sku: "DD2025041100000001"
  qty: 1
  referenceNo: "713"
  orderId: "4625810c-2318-496d-9a8b-b38616689062"
  type: "Invoice Item"
  sourceId: "dc3369be-ff98-4701-87d3-b33635257307"
  Income:Sales:SalesItem:Sell18kJewelry -2300 HKD
  category: "Jewelry"
  sku: "DD2024101300000006"
  qty: 1
  referenceNo: "713"
  orderId: "4625810c-2318-496d-9a8b-b38616689062"
  type: "Invoice Item"
  sourceId: "02cff178-b62d-4044-9039-f3c3ba43749a"
  Assets:CurrentAssets:AccountReceivable
  referenceNo: "713"
  orderId: "4625810c-2318-496d-9a8b-b38616689062"
  type: "Invoice"
  sourceId: "4625810c-2318-496d-9a8b-b38616689062"
  contact: "852 90850806 () [a2a4d589-c11c-4435-bd26-c46dbecf770c]"
2025-05-19 * "Bill #1333 R2509"
  referenceNo: "1333"
  orderId: "f7a3c207-c4c9-43b9-a28e-70faa66b474a"
  type: "Bill"
  Expenses:CostOfSales:Purchase:PurchaseItem:Buy18kJewelry 3080 HKD
  category: "Jewelry"
  sku: "DD2025051900000001"
  qty: 1
  referenceNo: "1333"
  orderId: "f7a3c207-c4c9-43b9-a28e-70faa66b474a"
  type: "Bill Item"
  sourceId: "5d7bcf83-0602-4a60-a8ca-272c3f4d2687"
  Liabilities:CurrentLiabilities:AccountPayable
  referenceNo: "1333"
  orderId: "f7a3c207-c4c9-43b9-a28e-70faa66b474a"
  type: "Bill"
  sourceId: "f7a3c207-c4c9-43b9-a28e-70faa66b474a"
  contact: "86 13502891558 () [0855f826-2f3a-4788-bfb1-5f09653c1ad0]"
2025-05-19 * "86 13502891558 () [0855f826-2f3a-4788-bfb1-5f09653c1ad0]" "Bill Payment for Bill #1333 #5429e828-c0d2-43de-91d4-95605cd45195"
  contact: "86 13502891558 () [0855f826-2f3a-4788-bfb1-5f09653c1ad0]"
  Liabilities:CurrentLiabilities:AccountPayable 3080 HKD
  type: "Bill Payment"
  sourceId: "5429e828-c0d2-43de-91d4-95605cd45195"
  referenceNo: "1333"
  orderId: "f7a3c207-c4c9-43b9-a28e-70faa66b474a"
  Assets:CurrentAssets:Cash:CashInHand -3080 HKD
  type: "Bill Payment"
  sourceId: "5429e828-c0d2-43de-91d4-95605cd45195"
  referenceNo: "1333"
  orderId: "f7a3c207-c4c9-43b9-a28e-70faa66b474a"
2025-05-19 * "Assets:CurrentAssets:Bank:KpayBank" "Invoice Payment for Invoice #713 #c54e0eaa-70c1-4bc9-8743-ab00efd11f0a"
  Assets:CurrentAssets:Bank:KpayBank 5100 HKD
  type: "Invoice Payment"
  sourceId: "c54e0eaa-70c1-4bc9-8743-ab00efd11f0a"
  referenceNo: "713"
  orderId: "4625810c-2318-496d-9a8b-b38616689062"
  Assets:CurrentAssets:AccountReceivable -5100 HKD
  type: "Invoice Payment"
  sourceId: "c54e0eaa-70c1-4bc9-8743-ab00efd11f0a"
  referenceNo: "713"
  orderId: "4625810c-2318-496d-9a8b-b38616689062"
  contact: "852 90850806 () [a2a4d589-c11c-4435-bd26-c46dbecf770c]"
2025-05-20 * "Invoice #714 Order R24125 #11"
  Income:Sales:SalesItem:Sell18kJewelry -2800 HKD
  category: "Jewelry"
  sku: "DD2025052800000001"
  qty: 1
  referenceNo: "714"
  orderId: "5353d3d7-1c76-4db5-969c-29102157fec0"
  type: "Invoice Item"
  sourceId: "9c91a871-3f5d-4ee0-9f78-bc072f49b524"
  Assets:CurrentAssets:AccountReceivable
  referenceNo: "714"
  orderId: "5353d3d7-1c76-4db5-969c-29102157fec0"
  type: "Invoice"
  sourceId: "5353d3d7-1c76-4db5-969c-29102157fec0"
  contact: "852 63152486 () [3eb5eb69-b4e5-410c-97da-a3060c37e62b]"
2025-05-21 * "Assets:CurrentAssets:Bank:BocSavingBank" "Invoice Payment for Invoice #714 #12659e8b-48f8-477b-af6d-8dcb32f1ed69"
  Assets:CurrentAssets:Bank:BocSavingBank 2800 HKD
  type: "Invoice Payment"
  sourceId: "12659e8b-48f8-477b-af6d-8dcb32f1ed69"
  referenceNo: "714"
  orderId: "5353d3d7-1c76-4db5-969c-29102157fec0"
  Assets:CurrentAssets:AccountReceivable -2800 HKD
  type: "Invoice Payment"
  sourceId: "12659e8b-48f8-477b-af6d-8dcb32f1ed69"
  referenceNo: "714"
  orderId: "5353d3d7-1c76-4db5-969c-29102157fec0"
  contact: "852 63152486 () [3eb5eb69-b4e5-410c-97da-a3060c37e62b]"
2025-05-21 * "Invoice #715 Stock R24125 #16"
  Income:Sales:SalesItem:Sell18kJewelry -2800 HKD
  category: "Jewelry"
  sku: "DD2025051500000002"
  qty: 1
  referenceNo: "715"
  orderId: "4ee4c197-6090-4f37-b273-ef1ba4883528"
  type: "Invoice Item"
  sourceId: "6c786432-d4e1-4ae3-ba78-7b078c917c4a"
  Assets:CurrentAssets:AccountReceivable
  referenceNo: "715"
  orderId: "4ee4c197-6090-4f37-b273-ef1ba4883528"
  type: "Invoice"
  sourceId: "4ee4c197-6090-4f37-b273-ef1ba4883528"
  contact: "852 61565044 () [3bd53186-9d47-405f-8203-c08760a78bfd]"
2025-05-21 * "Assets:CurrentAssets:Bank:BocSavingBank" "Invoice Payment for Invoice #715 #d76895c9-d6d0-4b2d-923f-a3b0380d856a"
  Assets:CurrentAssets:Bank:BocSavingBank 2800 HKD
  type: "Invoice Payment"
  sourceId: "d76895c9-d6d0-4b2d-923f-a3b0380d856a"
  referenceNo: "715"
  orderId: "4ee4c197-6090-4f37-b273-ef1ba4883528"
  Assets:CurrentAssets:AccountReceivable -2800 HKD
  type: "Invoice Payment"
  sourceId: "d76895c9-d6d0-4b2d-923f-a3b0380d856a"
  referenceNo: "715"
  orderId: "4ee4c197-6090-4f37-b273-ef1ba4883528"
  contact: "852 61565044 () [3bd53186-9d47-405f-8203-c08760a78bfd]"
2025-05-22 * "Bill #1343 5月2025年MPF"
  referenceNo: "1343"
  orderId: "d07cea0b-d358-4d82-be5d-1374e9417469"
  type: "Bill"
  Expenses:GeneralExpense:Mpf 7500 HKD
  qty: "1"
  description: " 5月2025年MPF"
  referenceNo: "1343"
  orderId: "d07cea0b-d358-4d82-be5d-1374e9417469"
  type: "Bill Item"
  sourceId: "b0017b14-ed65-4818-b31f-21a1cf958000"
  Liabilities:CurrentLiabilities:AccountPayable
  referenceNo: "1343"
  orderId: "d07cea0b-d358-4d82-be5d-1374e9417469"
  type: "Bill"
  sourceId: "d07cea0b-d358-4d82-be5d-1374e9417469"
  contact: "880 806 () [53b8789a-4451-4a1f-84f7-a9c5da7ada1a]"
2025-05-22 * "880 806 () [53b8789a-4451-4a1f-84f7-a9c5da7ada1a]" "Bill Payment for Bill #1343 #f3e04806-ca06-4727-84fe-8eaefa46aee0"
  contact: "880 806 () [53b8789a-4451-4a1f-84f7-a9c5da7ada1a]"
  Liabilities:CurrentLiabilities:AccountPayable 7500 HKD
  type: "Bill Payment"
  sourceId: "f3e04806-ca06-4727-84fe-8eaefa46aee0"
  referenceNo: "1343"
  orderId: "d07cea0b-d358-4d82-be5d-1374e9417469"
  Assets:CurrentAssets:Bank:BocCurrentBank -7500 HKD
  type: "Bill Payment"
  sourceId: "f3e04806-ca06-4727-84fe-8eaefa46aee0"
  referenceNo: "1343"
  orderId: "d07cea0b-d358-4d82-be5d-1374e9417469"
2025-05-23 * "Bill #1370 DKK 輻射機牌照續費"
  referenceNo: "1370"
  orderId: "b4b4db15-013b-4d03-a4a2-ed684b5503a9"
  type: "Bill"
  Expenses:LegalAndProfessionalFee 1150 HKD
  qty: "1"
  description: "DKK 輻射機牌照續費"
  referenceNo: "1370"
  orderId: "b4b4db15-013b-4d03-a4a2-ed684b5503a9"
  type: "Bill Item"
  sourceId: "13df7269-c3b1-4384-a14b-d070928cdf34"
  Liabilities:CurrentLiabilities:AccountPayable
  referenceNo: "1370"
  orderId: "b4b4db15-013b-4d03-a4a2-ed684b5503a9"
  type: "Bill"
  sourceId: "b4b4db15-013b-4d03-a4a2-ed684b5503a9"
  contact: "880 806 () [53b8789a-4451-4a1f-84f7-a9c5da7ada1a]"
2025-05-23 * "880 806 () [53b8789a-4451-4a1f-84f7-a9c5da7ada1a]" "Bill Payment for Bill #1370 #f903f4ed-ac1b-401c-8b66-474e1d23a455"
  contact: "880 806 () [53b8789a-4451-4a1f-84f7-a9c5da7ada1a]"
  Liabilities:CurrentLiabilities:AccountPayable 1150 HKD
  type: "Bill Payment"
  sourceId: "f903f4ed-ac1b-401c-8b66-474e1d23a455"
  referenceNo: "1370"
  orderId: "b4b4db15-013b-4d03-a4a2-ed684b5503a9"
  Assets:CurrentAssets:Cash:CashInHand -1150 HKD
  type: "Bill Payment"
  sourceId: "f903f4ed-ac1b-401c-8b66-474e1d23a455"
  referenceNo: "1370"
  orderId: "b4b4db15-013b-4d03-a4a2-ed684b5503a9"
2025-05-23 * "86 97978678 (ERIC) [cb2cbf18-d8c3-40eb-a388-d7234ea70615]" "Bill Payment for Bill #1345 #febabb6f-75a6-4bd7-a791-db0b9ccae360"
  contact: "86 97978678 (ERIC) [cb2cbf18-d8c3-40eb-a388-d7234ea70615]"
  Liabilities:CurrentLiabilities:AccountPayable 3798 CNY
  type: "Bill Payment"
  sourceId: "febabb6f-75a6-4bd7-a791-db0b9ccae360"
  referenceNo: "1345"
  orderId: "3b3bab7f-26d8-4953-b3e2-d0f4046e9702"
  Assets:CurrentAssets:TradeDeposit:TradeDeposit-Eric -3798 CNY
  type: "Bill Payment"
  sourceId: "febabb6f-75a6-4bd7-a791-db0b9ccae360"
  referenceNo: "1345"
  orderId: "3b3bab7f-26d8-4953-b3e2-d0f4046e9702"
2025-05-23 * "Bill #1345 ERIC~補貨/客訂"
  referenceNo: "1345"
  orderId: "3b3bab7f-26d8-4953-b3e2-d0f4046e9702"
  type: "Bill"
  Expenses:CostOfSales:Purchase:PurchaseItem:Buy18kJewelry 1994 CNY
  category: "Jewelry"
  sku: "DD2025052300000002"
  qty: 1
  referenceNo: "1345"
  orderId: "3b3bab7f-26d8-4953-b3e2-d0f4046e9702"
  type: "Bill Item"
  sourceId: "fcbae3cb-8fc2-431f-bb9a-37a3cfbc8298"
  Expenses:CostOfSales:Purchase:PurchaseItem:Buy18kJewelry 1804 CNY
  category: "Jewelry"
  sku: "DD2025052300000001"
  qty: 1
  referenceNo: "1345"
  orderId: "3b3bab7f-26d8-4953-b3e2-d0f4046e9702"
  type: "Bill Item"
  sourceId: "a1e360fc-2488-4a40-bd03-9f4d38cf12a7"
  Liabilities:CurrentLiabilities:AccountPayable
  referenceNo: "1345"
  orderId: "3b3bab7f-26d8-4953-b3e2-d0f4046e9702"
  type: "Bill"
  sourceId: "3b3bab7f-26d8-4953-b3e2-d0f4046e9702"
  contact: "86 97978678 (ERIC) [cb2cbf18-d8c3-40eb-a388-d7234ea70615]"
2025-05-23 * "Invoice #720 Repair Sapphire Ring"
  Income:Sales:SalesItem:Sell-ForProcess交外廠加工 -300 HKD
  description: "Repair Sapphire Ring"
  qty: 1
  referenceNo: "720"
  orderId: "a0a32e1e-a989-4c0a-a9c3-989176dacd1d"
  type: "Invoice Item"
  sourceId: "6a535be9-1fbb-4202-bb99-b7f50df95d2a"
  Assets:CurrentAssets:AccountReceivable
  referenceNo: "720"
  orderId: "a0a32e1e-a989-4c0a-a9c3-989176dacd1d"
  type: "Invoice"
  sourceId: "a0a32e1e-a989-4c0a-a9c3-989176dacd1d"
  contact: "852 60335752 (MS CHAN) [7a216702-b55c-43ab-b112-657670f35cda]"
2025-05-24 * "Liabilities:CurrentLiabilities:CurrentAccount:C-a-DirectorDavidKwan" "Invoice Payment for Invoice #718 #cc5b1bc8-591c-4896-9069-56e8be73afd0"
  Liabilities:CurrentLiabilities:CurrentAccount:C-a-DirectorDavidKwan 3702 HKD
  type: "Invoice Payment"
  sourceId: "cc5b1bc8-591c-4896-9069-56e8be73afd0"
  referenceNo: "718"
  orderId: "6a3b5884-10ef-40f6-a647-88211ea26d37"
  Assets:CurrentAssets:AccountReceivable -3702 HKD
  type: "Invoice Payment"
  sourceId: "cc5b1bc8-591c-4896-9069-56e8be73afd0"
  referenceNo: "718"
  orderId: "6a3b5884-10ef-40f6-a647-88211ea26d37"
  contact: "998 12345708 (David Kwan(Director)) [02ab8da0-959b-440e-9733-c02eab1b0288]"
2025-05-24 * "Invoice #717 Order R2504 #18"
  Income:Sales:SalesItem:Sell18kJewelry -3700 HKD
  category: "Jewelry"
  sku: "DDBESPOKE00000034"
  qty: 1
  referenceNo: "717"
  orderId: "704b61f7-769e-45a6-8ef8-ee75c51a9315"
  type: "Invoice Item"
  sourceId: "394d4299-3e4d-4775-8750-648162624ae3"
  Assets:CurrentAssets:AccountReceivable
  referenceNo: "717"
  orderId: "704b61f7-769e-45a6-8ef8-ee75c51a9315"
  type: "Invoice"
  sourceId: "704b61f7-769e-45a6-8ef8-ee75c51a9315"
  contact: "852 95124810 () [a53ac3f8-3c73-474c-8401-4c83f2762cfc]"
2025-05-24 * "Invoice #718 STAFF~ R24109 #13"
  Income:Sales:SalesItem:Sell18kJewelry -3702 HKD
  category: "Jewelry"
  sku: "DD2404260000000000000014"
  qty: 1
  referenceNo: "718"
  orderId: "6a3b5884-10ef-40f6-a647-88211ea26d37"
  type: "Invoice Item"
  sourceId: "4fec7972-fdde-442f-b8cb-5982def35de2"
  Assets:CurrentAssets:AccountReceivable
  referenceNo: "718"
  orderId: "6a3b5884-10ef-40f6-a647-88211ea26d37"
  type: "Invoice"
  sourceId: "6a3b5884-10ef-40f6-a647-88211ea26d37"
  contact: "998 12345708 (David Kwan(Director)) [02ab8da0-959b-440e-9733-c02eab1b0288]"
2025-05-24 * "Assets:CurrentAssets:Bank:KpayBank" "Invoice Payment for Invoice #717 #d3329211-d92d-428c-b786-92ea3ea00410"
  Assets:CurrentAssets:Bank:KpayBank 2000 HKD
  type: "Invoice Payment"
  sourceId: "d3329211-d92d-428c-b786-92ea3ea00410"
  referenceNo: "717"
  orderId: "704b61f7-769e-45a6-8ef8-ee75c51a9315"
  Assets:CurrentAssets:AccountReceivable -2000 HKD
  type: "Invoice Payment"
  sourceId: "d3329211-d92d-428c-b786-92ea3ea00410"
  referenceNo: "717"
  orderId: "704b61f7-769e-45a6-8ef8-ee75c51a9315"
  contact: "852 95124810 () [a53ac3f8-3c73-474c-8401-4c83f2762cfc]"
2025-05-25 * "Bill #1401 BOC VISA Card - Sam 5月 2025"
  referenceNo: "1401"
  orderId: "89efbeed-eedc-4425-ab7b-4ee072d392d5"
  type: "Bill"
  Liabilities:CurrentLiabilities:CurrentAccount:C-a-MilwaysGoldLimited 1505.33 HKD
  qty: "1"
  description: "Milways Gold - 淘寶雜項"
  referenceNo: "1401"
  orderId: "89efbeed-eedc-4425-ab7b-4ee072d392d5"
  type: "Bill Item"
  sourceId: "79cb2f51-7717-4778-9506-ec37657a1a84"
  Liabilities:CurrentLiabilities:CurrentAccount:C-a-MilwaysGoldLimited 4322.03 HKD
  qty: "1"
  description: "DORIS 4月工資"
  referenceNo: "1401"
  orderId: "89efbeed-eedc-4425-ab7b-4ee072d392d5"
  type: "Bill Item"
  sourceId: "e85e2740-6eaa-4216-b09e-bf066bc11773"
  Liabilities:CurrentLiabilities:AccountPayable
  referenceNo: "1401"
  orderId: "89efbeed-eedc-4425-ab7b-4ee072d392d5"
  type: "Bill"
  sourceId: "89efbeed-eedc-4425-ab7b-4ee072d392d5"
  contact: "880 806 () [53b8789a-4451-4a1f-84f7-a9c5da7ada1a]"
2025-05-25 * "Bill #1398 BOC VISA Card - David 5月 2025"
  referenceNo: "1398"
  orderId: "46584259-1e16-468d-b1ce-9cba5c912401"
  type: "Bill"
  Expenses:Subscriptions 159.5 HKD
  qty: "1"
  description: "VERCEL INC. USD 20 (22 May 2025)"
  referenceNo: "1398"
  orderId: "46584259-1e16-468d-b1ce-9cba5c912401"
  type: "Bill Item"
  sourceId: "efeb6944-ba3f-4531-af2c-7ce54cca2856"
  Expenses:Subscriptions 102 HKD
  qty: "1"
  description: "Microsoft*Microsoft (26 Apr 2025)"
  referenceNo: "1398"
  orderId: "46584259-1e16-468d-b1ce-9cba5c912401"
  type: "Bill Item"
  sourceId: "dbf81f6b-08f3-4a19-aca7-84e21510d201"
  Expenses:BankFeesExpense 0.74 HKD
  qty: "1"
  description: "Bank Fee - 集團 CCTV監控系統訂閱費 TP-LINK GLOBAL INC. 2 May 2025"
  referenceNo: "1398"
  orderId: "46584259-1e16-468d-b1ce-9cba5c912401"
  type: "Bill Item"
  sourceId: "afba1521-57f3-4a02-9ac4-27d7a6968660"
  Liabilities:CurrentLiabilities:CurrentAccount:C-a-MilwaysGoldLimited 93 HKD
  qty: "1"
  description: "集團 CCTV監控系統訂閱費 TP-LINK GLOBAL INC. 2 May 2025"
  referenceNo: "1398"
  orderId: "46584259-1e16-468d-b1ce-9cba5c912401"
  type: "Bill Item"
  sourceId: "8d60bee0-556f-40e1-af92-96db446a67be"
  Expenses:Subscriptions 5160 HKD
  qty: "1"
  description: "LAYERSTACK 年費 17-5-2025"
  referenceNo: "1398"
  orderId: "46584259-1e16-468d-b1ce-9cba5c912401"
  type: "Bill Item"
  sourceId: "a69b11e0-4c71-4698-8a53-4698e47d3cb3"
  Expenses:Subscriptions -4860 HKD
  qty: "1"
  description: "Refund - LAYERSTACK 年費 22-5-2025"
  referenceNo: "1398"
  orderId: "46584259-1e16-468d-b1ce-9cba5c912401"
  type: "Bill Item"
  sourceId: "427c4406-131e-4333-993f-e8c452da6b2c"
  Liabilities:CurrentLiabilities:CurrentAccount:C-a-MilwaysGoldLimited 16071.16 HKD
  qty: "1"
  description: "Milways Gold -  物資"
  referenceNo: "1398"
  orderId: "46584259-1e16-468d-b1ce-9cba5c912401"
  type: "Bill Item"
  sourceId: "a5995511-9c46-4f20-a8dc-eb712691e237"
  Liabilities:CurrentLiabilities:CurrentAccount:C-a-MilwaysFactoryLtd 3399.8 HKD
  qty: "1"
  description: "Milways Factory - 物資"
  referenceNo: "1398"
  orderId: "46584259-1e16-468d-b1ce-9cba5c912401"
  type: "Bill Item"
  sourceId: "7b3ba390-bd00-40b9-b691-74963bf841be"
  Liabilities:CurrentLiabilities:AccountPayable
  referenceNo: "1398"
  orderId: "46584259-1e16-468d-b1ce-9cba5c912401"
  type: "Bill"
  sourceId: "46584259-1e16-468d-b1ce-9cba5c912401"
  contact: "880 806 () [53b8789a-4451-4a1f-84f7-a9c5da7ada1a]"
2025-05-25 * "880 806 () [53b8789a-4451-4a1f-84f7-a9c5da7ada1a]" "Bill Payment for Bill #1398 #52889c2f-f95a-486c-9bfb-2ccbd6ae0310"
  contact: "880 806 () [53b8789a-4451-4a1f-84f7-a9c5da7ada1a]"
  Liabilities:CurrentLiabilities:AccountPayable 20126.2 HKD
  type: "Bill Payment"
  sourceId: "52889c2f-f95a-486c-9bfb-2ccbd6ae0310"
  referenceNo: "1398"
  orderId: "46584259-1e16-468d-b1ce-9cba5c912401"
  Assets:CurrentAssets:Bank:BocVisaCard-DavidBank -20126.2 HKD
  type: "Bill Payment"
  sourceId: "52889c2f-f95a-486c-9bfb-2ccbd6ae0310"
  referenceNo: "1398"
  orderId: "46584259-1e16-468d-b1ce-9cba5c912401"
2025-05-25 * "880 806 () [53b8789a-4451-4a1f-84f7-a9c5da7ada1a]" "Bill Payment for Bill #1401 #98c5bb40-9ac4-4e42-891b-9fd4efbb283b"
  contact: "880 806 () [53b8789a-4451-4a1f-84f7-a9c5da7ada1a]"
  Liabilities:CurrentLiabilities:AccountPayable 5827.36 HKD
  type: "Bill Payment"
  sourceId: "98c5bb40-9ac4-4e42-891b-9fd4efbb283b"
  referenceNo: "1401"
  orderId: "89efbeed-eedc-4425-ab7b-4ee072d392d5"
  Assets:CurrentAssets:Bank:BocVisaCard-SamBank -5827.36 HKD
  type: "Bill Payment"
  sourceId: "98c5bb40-9ac4-4e42-891b-9fd4efbb283b"
  referenceNo: "1401"
  orderId: "89efbeed-eedc-4425-ab7b-4ee072d392d5"
2025-05-25 * "Invoice #719 BR2503 #12"
  Income:Sales:SalesItem:Sell18kJewelry -2900 HKD
  category: "Jewelry"
  sku: "DD2025051000000002"
  qty: 1
  referenceNo: "719"
  orderId: "480c4f81-0e26-459b-99f5-b9e99625e863"
  type: "Invoice Item"
  sourceId: "631adc84-9db1-4bee-8394-0f8b349eb72d"
  Assets:CurrentAssets:AccountReceivable
  referenceNo: "719"
  orderId: "480c4f81-0e26-459b-99f5-b9e99625e863"
  type: "Invoice"
  sourceId: "480c4f81-0e26-459b-99f5-b9e99625e863"
  contact: "852 61816806 () [8473c32c-a365-43a0-9f28-abefb6af4941]"
2025-05-25 * "Assets:CurrentAssets:Bank:KpayBank" "Invoice Payment for Invoice #719 #fee7e815-b0db-4848-90a2-f30389670a20"
  Assets:CurrentAssets:Bank:KpayBank 2900 HKD
  type: "Invoice Payment"
  sourceId: "fee7e815-b0db-4848-90a2-f30389670a20"
  referenceNo: "719"
  orderId: "480c4f81-0e26-459b-99f5-b9e99625e863"
  Assets:CurrentAssets:AccountReceivable -2900 HKD
  type: "Invoice Payment"
  sourceId: "fee7e815-b0db-4848-90a2-f30389670a20"
  referenceNo: "719"
  orderId: "480c4f81-0e26-459b-99f5-b9e99625e863"
  contact: "852 61816806 () [8473c32c-a365-43a0-9f28-abefb6af4941]"
2025-05-27 * "Bill #1373 G17上網(2025-05月) "
  referenceNo: "1373"
  orderId: "b9de6d16-9c7c-41b6-bc6d-5c7d183ea4ba"
  type: "Bill"
  Expenses:TelephoneAndInternetAndAlarm 358 HKD
  qty: "1"
  description: "G17上網(2025-05月) "
  referenceNo: "1373"
  orderId: "b9de6d16-9c7c-41b6-bc6d-5c7d183ea4ba"
  type: "Bill Item"
  sourceId: "db388f0e-c24c-4433-ab81-46af24863800"
  Liabilities:CurrentLiabilities:AccountPayable
  referenceNo: "1373"
  orderId: "b9de6d16-9c7c-41b6-bc6d-5c7d183ea4ba"
  type: "Bill"
  sourceId: "b9de6d16-9c7c-41b6-bc6d-5c7d183ea4ba"
  contact: "880 806 () [53b8789a-4451-4a1f-84f7-a9c5da7ada1a]"
2025-05-27 * "Bill #1348 AE Credit Card payment (25年5月)"
  referenceNo: "1348"
  orderId: "3eea46b5-ff03-4a5f-9b32-385dc4febcf4"
  type: "Bill"
  Expenses:Subscriptions 895.5 HKD
  qty: "1"
  description: "FACEBK *MBMWGRCZM2"
  referenceNo: "1348"
  orderId: "3eea46b5-ff03-4a5f-9b32-385dc4febcf4"
  type: "Bill Item"
  sourceId: "6eef8ce8-5e8c-45c7-beb7-53904c7f42ef"
  Expenses:Subscriptions 7500 HKD
  qty: "1"
  description: "FACEBK *EXQ2YRLZM2"
  referenceNo: "1348"
  orderId: "3eea46b5-ff03-4a5f-9b32-385dc4febcf4"
  type: "Bill Item"
  sourceId: "4cdcd1ea-64ce-472c-bc4c-4c3233036b94"
  Expenses:Subscriptions 1028.82 HKD
  qty: "1"
  description: "BT*SEMRUSH (USD 129.95)"
  referenceNo: "1348"
  orderId: "3eea46b5-ff03-4a5f-9b32-385dc4febcf4"
  type: "Bill Item"
  sourceId: "c5a667be-40b4-4c2b-b727-a39f76c9e939"
  Expenses:Subscriptions 1601.76 HKD
  qty: "1"
  description: "GOOGLE*GSUITE MILWAYS.C CC GOOGLE.COM"
  referenceNo: "1348"
  orderId: "3eea46b5-ff03-4a5f-9b32-385dc4febcf4"
  type: "Bill Item"
  sourceId: "a34e547b-0f03-4b0c-a037-d56538091af6"
  Expenses:Subscriptions 949.51 HKD
  qty: "1"
  description: "DUO.COM (USD 120)"
  referenceNo: "1348"
  orderId: "3eea46b5-ff03-4a5f-9b32-385dc4febcf4"
  type: "Bill Item"
  sourceId: "d495e933-b792-44a6-83ee-83475c0297f0"
  Liabilities:CurrentLiabilities:AccountPayable
  referenceNo: "1348"
  orderId: "3eea46b5-ff03-4a5f-9b32-385dc4febcf4"
  type: "Bill"
  sourceId: "3eea46b5-ff03-4a5f-9b32-385dc4febcf4"
  contact: "880 806 () [53b8789a-4451-4a1f-84f7-a9c5da7ada1a]"
2025-05-27 * "880 806 () [53b8789a-4451-4a1f-84f7-a9c5da7ada1a]" "Bill Payment for Bill #1373 #d277b292-e9eb-424e-b053-cbfb753517e0"
  contact: "880 806 () [53b8789a-4451-4a1f-84f7-a9c5da7ada1a]"
  Liabilities:CurrentLiabilities:AccountPayable 358 HKD
  type: "Bill Payment"
  sourceId: "d277b292-e9eb-424e-b053-cbfb753517e0"
  referenceNo: "1373"
  orderId: "b9de6d16-9c7c-41b6-bc6d-5c7d183ea4ba"
  Assets:CurrentAssets:Cash:CashInHand -358 HKD
  type: "Bill Payment"
  sourceId: "d277b292-e9eb-424e-b053-cbfb753517e0"
  referenceNo: "1373"
  orderId: "b9de6d16-9c7c-41b6-bc6d-5c7d183ea4ba"
2025-05-27 * "880 806 () [53b8789a-4451-4a1f-84f7-a9c5da7ada1a]" "Bill Payment for Bill #1348 #2fb771bf-6bc5-4a55-92d2-f2e5da31d782"
  contact: "880 806 () [53b8789a-4451-4a1f-84f7-a9c5da7ada1a]"
  Liabilities:CurrentLiabilities:AccountPayable 11975.59 HKD
  type: "Bill Payment"
  sourceId: "2fb771bf-6bc5-4a55-92d2-f2e5da31d782"
  referenceNo: "1348"
  orderId: "3eea46b5-ff03-4a5f-9b32-385dc4febcf4"
  Assets:CurrentAssets:Bank:BocSavingBank -11975.59 HKD
  type: "Bill Payment"
  sourceId: "2fb771bf-6bc5-4a55-92d2-f2e5da31d782"
  referenceNo: "1348"
  orderId: "3eea46b5-ff03-4a5f-9b32-385dc4febcf4"
2025-05-27 * "Assets:CurrentAssets:Bank:BocSavingBank" "Invoice Payment for Invoice #720 #6405c301-2569-44a6-abb9-97c40d108e9f"
  Assets:CurrentAssets:Bank:BocSavingBank 300 HKD
  type: "Invoice Payment"
  sourceId: "6405c301-2569-44a6-abb9-97c40d108e9f"
  referenceNo: "720"
  orderId: "a0a32e1e-a989-4c0a-a9c3-989176dacd1d"
  Assets:CurrentAssets:AccountReceivable -300 HKD
  type: "Invoice Payment"
  sourceId: "6405c301-2569-44a6-abb9-97c40d108e9f"
  referenceNo: "720"
  orderId: "a0a32e1e-a989-4c0a-a9c3-989176dacd1d"
  contact: "852 60335752 (MS CHAN) [7a216702-b55c-43ab-b112-657670f35cda]"
2025-05-28 * "Bill #1351 BANK FEE - 還 MILWAYS GOLD 收 ZHILIN 金的按金 4000 "
  referenceNo: "1351"
  orderId: "28290301-4b7a-4af0-826e-4f0424580ba0"
  type: "Bill"
  Expenses:BankFeesExpense 5 HKD
  qty: "1"
  description: "BANK FEE - 還 MILWAYS GOLD 收 ZHILIN 金的按金 4000 "
  referenceNo: "1351"
  orderId: "28290301-4b7a-4af0-826e-4f0424580ba0"
  type: "Bill Item"
  sourceId: "d3e71985-222e-4039-8244-d1df2bf80da8"
  Liabilities:CurrentLiabilities:AccountPayable
  referenceNo: "1351"
  orderId: "28290301-4b7a-4af0-826e-4f0424580ba0"
  type: "Bill"
  sourceId: "28290301-4b7a-4af0-826e-4f0424580ba0"
  contact: "880 806 () [53b8789a-4451-4a1f-84f7-a9c5da7ada1a]"
2025-05-28 * "880 806 () [53b8789a-4451-4a1f-84f7-a9c5da7ada1a]" "Bill Payment for Bill #1351 #073e6b16-5add-491a-84b9-7d3601488429"
  contact: "880 806 () [53b8789a-4451-4a1f-84f7-a9c5da7ada1a]"
  Liabilities:CurrentLiabilities:AccountPayable 5 HKD
  type: "Bill Payment"
  sourceId: "073e6b16-5add-491a-84b9-7d3601488429"
  referenceNo: "1351"
  orderId: "28290301-4b7a-4af0-826e-4f0424580ba0"
  Assets:CurrentAssets:Bank:BocSavingBank -5 HKD
  type: "Bill Payment"
  sourceId: "073e6b16-5add-491a-84b9-7d3601488429"
  referenceNo: "1351"
  orderId: "28290301-4b7a-4af0-826e-4f0424580ba0"
2025-05-28 * "Bill #1347 ERIC~補貨/客訂"
  referenceNo: "1347"
  orderId: "41c40709-715f-4e88-b558-7c8e32674f07"
  type: "Bill"
  Expenses:CostOfSales:Purchase:PurchaseItem:Buy18kJewelry 1804 CNY
  category: "Jewelry"
  sku: "DD2025052800000001"
  qty: 1
  referenceNo: "1347"
  orderId: "41c40709-715f-4e88-b558-7c8e32674f07"
  type: "Bill Item"
  sourceId: "e05d9ee1-611b-46ef-bc68-412ef3c50397"
  Expenses:CostOfSales:Purchase:PurchaseItem:Buy18kJewelry 1804 CNY
  category: "Jewelry"
  sku: "DD2025052800000002"
  qty: 1
  referenceNo: "1347"
  orderId: "41c40709-715f-4e88-b558-7c8e32674f07"
  type: "Bill Item"
  sourceId: "650fdf21-dc27-49c3-b70f-3e9eebf8f680"
  Liabilities:CurrentLiabilities:AccountPayable
  referenceNo: "1347"
  orderId: "41c40709-715f-4e88-b558-7c8e32674f07"
  type: "Bill"
  sourceId: "41c40709-715f-4e88-b558-7c8e32674f07"
  contact: "86 97978678 (ERIC) [cb2cbf18-d8c3-40eb-a388-d7234ea70615]"
2025-05-28 * "86 97978678 (ERIC) [cb2cbf18-d8c3-40eb-a388-d7234ea70615]" "Bill Payment for Bill #1347 #dd4d288a-6d25-4089-b763-f1161b8e5091"
  contact: "86 97978678 (ERIC) [cb2cbf18-d8c3-40eb-a388-d7234ea70615]"
  Liabilities:CurrentLiabilities:AccountPayable 3608 CNY
  type: "Bill Payment"
  sourceId: "dd4d288a-6d25-4089-b763-f1161b8e5091"
  referenceNo: "1347"
  orderId: "41c40709-715f-4e88-b558-7c8e32674f07"
  Assets:CurrentAssets:TradeDeposit:TradeDeposit-Eric -3608 CNY
  type: "Bill Payment"
  sourceId: "dd4d288a-6d25-4089-b763-f1161b8e5091"
  referenceNo: "1347"
  orderId: "41c40709-715f-4e88-b558-7c8e32674f07"
2025-05-29 * "Bill #1352 SALARY 25年5月"
  referenceNo: "1352"
  orderId: "355a2d7d-af31-4567-9f24-9cc5624e659a"
  type: "Bill"
  Expenses:WagesAndSalaries 71250 HKD
  qty: "1"
  description: "SALARY 25年5月"
  referenceNo: "1352"
  orderId: "355a2d7d-af31-4567-9f24-9cc5624e659a"
  type: "Bill Item"
  sourceId: "6460aa5d-45a7-4892-b74b-a0b51229fb4b"
  Expenses:BankFeesExpense 2.1 HKD
  qty: "1"
  description: "BANK FEE "
  referenceNo: "1352"
  orderId: "355a2d7d-af31-4567-9f24-9cc5624e659a"
  type: "Bill Item"
  sourceId: "404cb565-6fc5-4a6a-91be-b347fbdf7cbb"
  Liabilities:CurrentLiabilities:AccountPayable
  referenceNo: "1352"
  orderId: "355a2d7d-af31-4567-9f24-9cc5624e659a"
  type: "Bill"
  sourceId: "355a2d7d-af31-4567-9f24-9cc5624e659a"
  contact: "880 806 () [53b8789a-4451-4a1f-84f7-a9c5da7ada1a]"
2025-05-29 * "880 806 () [53b8789a-4451-4a1f-84f7-a9c5da7ada1a]" "Bill Payment for Bill #1352 #c83e72f2-c3cf-45c0-b599-52c976944d63"
  contact: "880 806 () [53b8789a-4451-4a1f-84f7-a9c5da7ada1a]"
  Liabilities:CurrentLiabilities:AccountPayable 2.1 HKD
  type: "Bill Payment"
  sourceId: "c83e72f2-c3cf-45c0-b599-52c976944d63"
  referenceNo: "1352"
  orderId: "355a2d7d-af31-4567-9f24-9cc5624e659a"
  Assets:CurrentAssets:Bank:BocSavingBank -2.1 HKD
  type: "Bill Payment"
  sourceId: "c83e72f2-c3cf-45c0-b599-52c976944d63"
  referenceNo: "1352"
  orderId: "355a2d7d-af31-4567-9f24-9cc5624e659a"
2025-05-29 * "880 806 () [53b8789a-4451-4a1f-84f7-a9c5da7ada1a]" "Bill Payment for Bill #1349 #6f2f7907-7e5d-44eb-8844-840a2a4eb57e"
  contact: "880 806 () [53b8789a-4451-4a1f-84f7-a9c5da7ada1a]"
  Liabilities:CurrentLiabilities:AccountPayable 1.92 USD
  type: "Bill Payment"
  sourceId: "6f2f7907-7e5d-44eb-8844-840a2a4eb57e"
  referenceNo: "1349"
  orderId: "3f1b44c7-969b-4e02-8025-af5304a77718"
  Assets:CurrentAssets:Bank:BocForeignBank -1.92 USD
  type: "Bill Payment"
  sourceId: "6f2f7907-7e5d-44eb-8844-840a2a4eb57e"
  referenceNo: "1349"
  orderId: "3f1b44c7-969b-4e02-8025-af5304a77718"
2025-05-29 * "880 806 () [53b8789a-4451-4a1f-84f7-a9c5da7ada1a]" "Bill Payment for Bill #1352 #03224718-af95-4567-90ee-38a08f70359c"
  contact: "880 806 () [53b8789a-4451-4a1f-84f7-a9c5da7ada1a]"
  Liabilities:CurrentLiabilities:AccountPayable 71250 HKD
  type: "Bill Payment"
  sourceId: "03224718-af95-4567-90ee-38a08f70359c"
  referenceNo: "1352"
  orderId: "355a2d7d-af31-4567-9f24-9cc5624e659a"
  Assets:CurrentAssets:Bank:BocSavingBank -71250 HKD
  type: "Bill Payment"
  sourceId: "03224718-af95-4567-90ee-38a08f70359c"
  referenceNo: "1352"
  orderId: "355a2d7d-af31-4567-9f24-9cc5624e659a"
2025-05-30 * "880 806 () [53b8789a-4451-4a1f-84f7-a9c5da7ada1a]" "Bill Payment for Bill #1349 #c77f5b84-4a04-4e7f-a8c6-cf8270732f4d"
  contact: "880 806 () [53b8789a-4451-4a1f-84f7-a9c5da7ada1a]"
  Liabilities:CurrentLiabilities:AccountPayable 40.94 USD
  type: "Bill Payment"
  sourceId: "c77f5b84-4a04-4e7f-a8c6-cf8270732f4d"
  referenceNo: "1349"
  orderId: "3f1b44c7-969b-4e02-8025-af5304a77718"
  Assets:CurrentAssets:Bank:BocForeignBank -40.94 USD
  type: "Bill Payment"
  sourceId: "c77f5b84-4a04-4e7f-a8c6-cf8270732f4d"
  referenceNo: "1349"
  orderId: "3f1b44c7-969b-4e02-8025-af5304a77718"
2025-05-30 * "Bill #1349 BANK FEE "
  referenceNo: "1349"
  orderId: "3f1b44c7-969b-4e02-8025-af5304a77718"
  type: "Bill"
  Expenses:BankFeesExpense 40.94 USD
  qty: "1"
  description: "TO: MILWAYS GOLD LINITED USD  $1473962.18 (40.94手續費)"
  referenceNo: "1349"
  orderId: "3f1b44c7-969b-4e02-8025-af5304a77718"
  type: "Bill Item"
  sourceId: "2e76d173-3a54-47c0-aa93-9f27d8edac54"
  Expenses:BankFeesExpense 1.92 USD
  qty: "1"
  description: "FR:HEREAUS USD 1505200 (手續費 USD 1.92)"
  referenceNo: "1349"
  orderId: "3f1b44c7-969b-4e02-8025-af5304a77718"
  type: "Bill Item"
  sourceId: "b331a4b2-8db9-4c62-9b35-9f23d1d8808d"
  Liabilities:CurrentLiabilities:AccountPayable
  referenceNo: "1349"
  orderId: "3f1b44c7-969b-4e02-8025-af5304a77718"
  type: "Bill"
  sourceId: "3f1b44c7-969b-4e02-8025-af5304a77718"
  contact: "880 806 () [53b8789a-4451-4a1f-84f7-a9c5da7ada1a]"
2025-05-30 * "Bill #1350 BR2502 修理"
  referenceNo: "1350"
  orderId: "c267053e-e4b1-4e5e-8e3c-752f8580a48f"
  type: "Bill"
  Expenses:CostOfSales:Purchase:PurchaseItem:BuyCost-ProcessingFee 200 HKD
  qty: "1"
  description: "BR2502 修理"
  referenceNo: "1350"
  orderId: "c267053e-e4b1-4e5e-8e3c-752f8580a48f"
  type: "Bill Item"
  sourceId: "2e55a126-609a-4648-9f43-ef5ebcd4f66d"
  Liabilities:CurrentLiabilities:AccountPayable
  referenceNo: "1350"
  orderId: "c267053e-e4b1-4e5e-8e3c-752f8580a48f"
  type: "Bill"
  sourceId: "c267053e-e4b1-4e5e-8e3c-752f8580a48f"
  contact: "852 96221974 (強哥 首飾加工師傅) [cef6a8eb-0892-4a7c-bfdc-328752af4fd5]"
2025-05-30 * "Bill #1355 嚴丹鳳代鑲石 合併"
  referenceNo: "1355"
  orderId: "e83c2314-7e80-40c0-b769-48d12485a105"
  type: "Bill"
  Expenses:CostOfSales:Purchase:PurchaseItem:Buy18kJewelry 1775.5 HKD
  category: "Jewelry"
  sku: "DD2025053100000001"
  qty: 1
  referenceNo: "1355"
  orderId: "e83c2314-7e80-40c0-b769-48d12485a105"
  type: "Bill Item"
  sourceId: "2c41a538-1ee1-4178-a6e4-e94265de992a"
  Expenses:CostOfSales:Purchase:PurchaseItem:Buy18kJewelry 2724 HKD
  category: "Jewelry"
  sku: "DD2025053100000002"
  qty: 1
  referenceNo: "1355"
  orderId: "e83c2314-7e80-40c0-b769-48d12485a105"
  type: "Bill Item"
  sourceId: "cbe90b46-c01f-42cc-bbf1-9ab8db9c54de"
  Expenses:CostOfSales:Purchase:PurchaseItem:BuyBespoke 2136 HKD
  category: "Jewelry"
  sku: "DDBESPOKE00000028"
  qty: 1
  referenceNo: "1355"
  orderId: "e83c2314-7e80-40c0-b769-48d12485a105"
  type: "Bill Item"
  sourceId: "bd84b177-7bf7-4bdc-a789-eedb00e5884f"
  Assets:CurrentAssets:ShopInventory:Jewelry 2003 HKD
  category: "Jewelry"
  sku: "DD2025053100000003"
  qty: 1
  referenceNo: "1355"
  orderId: "e83c2314-7e80-40c0-b769-48d12485a105"
  type: "Bill Item"
  sourceId: "718f8958-1110-4cd2-b648-a36fefca9d8d"
  Assets:CurrentAssets:ShopInventory:Gemstones -760 HKD
  category: "Gem"
  sku: "SAP2508"
  qty: -19
  referenceNo: "1355"
  orderId: "e83c2314-7e80-40c0-b769-48d12485a105"
  type: "Bill Item"
  sourceId: "8687a182-18c5-451c-b3c4-f8d73a48815f"
  Expenses:CostOfSales:Purchase:PurchaseItem:Buy18kJewelry 1723 HKD
  qty: "1"
  description: "BR2506/SAP2508 x7 ($280) 做貨 $1723 "
  referenceNo: "1355"
  orderId: "e83c2314-7e80-40c0-b769-48d12485a105"
  type: "Bill Item"
  sourceId: "3b5fe59a-14d2-4ac2-85a7-2f20607f70c0"
  Assets:CurrentAssets:ShopInventory:Jewelry 2945 HKD
  category: "Jewelry"
  sku: "DD2025053100000004"
  qty: 1
  referenceNo: "1355"
  orderId: "e83c2314-7e80-40c0-b769-48d12485a105"
  type: "Bill Item"
  sourceId: "c14112eb-cf9b-462b-b422-c321cdd1e9dd"
  Assets:CurrentAssets:ShopInventory:Gemstones -400 HKD
  category: "Gem"
  sku: "SAP2412"
  qty: -1
  referenceNo: "1355"
  orderId: "e83c2314-7e80-40c0-b769-48d12485a105"
  type: "Bill Item"
  sourceId: "cbb68bef-b6f9-43d1-a7d3-ecffb806bae6"
  Expenses:CostOfSales:Purchase:PurchaseItem:Buy18kJewelry 2545 HKD
  qty: "1"
  description: "做貨 BR2507/SAP2412 $2545"
  referenceNo: "1355"
  orderId: "e83c2314-7e80-40c0-b769-48d12485a105"
  type: "Bill Item"
  sourceId: "599b7cc6-3cb9-4031-bb19-d6960e234ecb"
  Assets:CurrentAssets:ShopInventory:Jewelry 2786 HKD
  category: "Jewelry"
  sku: "DD2025053100000005"
  qty: 1
  referenceNo: "1355"
  orderId: "e83c2314-7e80-40c0-b769-48d12485a105"
  type: "Bill Item"
  sourceId: "917adbf7-1ccf-4c91-a709-69520eed4b17"
  Assets:CurrentAssets:ShopInventory:Gemstones -1076 HKD
  category: "Gem"
  sku: "SAP2436"
  qty: -1
  referenceNo: "1355"
  orderId: "e83c2314-7e80-40c0-b769-48d12485a105"
  type: "Bill Item"
  sourceId: "97887af8-0687-41b8-ad1d-af083018b3fa"
  Expenses:CostOfSales:Purchase:PurchaseItem:Buy18kJewelry 1710 HKD
  qty: "1"
  description: "做貨 BR2508 /SAP2436 $1710"
  referenceNo: "1355"
  orderId: "e83c2314-7e80-40c0-b769-48d12485a105"
  type: "Bill Item"
  sourceId: "a00183cb-81ec-4945-9d99-61263c0d17b8"
  Assets:CurrentAssets:ShopInventory:Jewelry 1916 HKD
  category: "Jewelry"
  sku: "DD2025053100000006"
  qty: 1
  referenceNo: "1355"
  orderId: "e83c2314-7e80-40c0-b769-48d12485a105"
  type: "Bill Item"
  sourceId: "44318b51-9382-4be9-a140-cad75f6e7c79"
  Expenses:CostOfSales:Purchase:PurchaseItem:Buy18kJewelry 1636 HKD
  qty: "1"
  description: "做貨 BR2509/SAP2508 x7 ($280) $1636"
  referenceNo: "1355"
  orderId: "e83c2314-7e80-40c0-b769-48d12485a105"
  type: "Bill Item"
  sourceId: "53834278-b787-436c-b4a0-b90dcaeed4c9"
  Assets:CurrentAssets:ShopInventory:Jewelry 1829 HKD
  category: "Jewelry"
  sku: "DD2025053100000007"
  qty: 1
  referenceNo: "1355"
  orderId: "e83c2314-7e80-40c0-b769-48d12485a105"
  type: "Bill Item"
  sourceId: "92c6ab78-aed0-47b3-be84-485e5c185d3e"
  Assets:CurrentAssets:ShopInventory:Gemstones -400 HKD
  category: "Gem"
  sku: "SAP2408"
  qty: -1
  referenceNo: "1355"
  orderId: "e83c2314-7e80-40c0-b769-48d12485a105"
  type: "Bill Item"
  sourceId: "dc65485a-481e-4047-b1e1-b87dc1ad57a2"
  Expenses:CostOfSales:Purchase:PurchaseItem:Buy18kJewelry 1429 HKD
  qty: "1"
  description: "做貨 BR2510/SAP2408 $1429"
  referenceNo: "1355"
  orderId: "e83c2314-7e80-40c0-b769-48d12485a105"
  type: "Bill Item"
  sourceId: "b367842c-89f2-42de-be43-d2e6e9146ac7"
  Assets:CurrentAssets:ShopInventory:Jewelry 2275 HKD
  category: "Jewelry"
  sku: "DD2025053100000008"
  qty: 1
  referenceNo: "1355"
  orderId: "e83c2314-7e80-40c0-b769-48d12485a105"
  type: "Bill Item"
  sourceId: "2519ab07-eaef-4348-abd0-26242bc44d14"
  Expenses:CostOfSales:Purchase:PurchaseItem:Buy18kJewelry 2075 HKD
  qty: "1"
  description: "做貨  BR2511/SAP2508 x5 ($200) $2075"
  referenceNo: "1355"
  orderId: "e83c2314-7e80-40c0-b769-48d12485a105"
  type: "Bill Item"
  sourceId: "d863a45c-ac39-4da7-8f69-5db82dabf330"
  Expenses:CostOfSales:Purchase:PurchaseItem:Buy18kJewelry 2443 HKD
  category: "Jewelry"
  sku: "DD2025053100000009"
  qty: 1
  referenceNo: "1355"
  orderId: "e83c2314-7e80-40c0-b769-48d12485a105"
  type: "Bill Item"
  sourceId: "316d3247-ae52-40aa-bc81-287c5eb36aa2"
  Assets:CurrentAssets:ShopInventory:Jewelry 2057 HKD
  category: "Jewelry"
  sku: "DD2025053100000010"
  qty: 1
  referenceNo: "1355"
  orderId: "e83c2314-7e80-40c0-b769-48d12485a105"
  type: "Bill Item"
  sourceId: "059718af-5f23-42df-b0fc-1bde632504e3"
  Assets:CurrentAssets:ShopInventory:Gemstones -546 HKD
  category: "Gem"
  sku: "SAP2402"
  qty: -1
  referenceNo: "1355"
  orderId: "e83c2314-7e80-40c0-b769-48d12485a105"
  type: "Bill Item"
  sourceId: "6aa98361-130a-4a87-ba53-0fea7e395545"
  Expenses:CostOfSales:Purchase:PurchaseItem:Buy18kJewelry 1511 HKD
  qty: "1"
  description: "做貨 BN2505/SAP2402 $817 + Chain $694 "
  referenceNo: "1355"
  orderId: "e83c2314-7e80-40c0-b769-48d12485a105"
  type: "Bill Item"
  sourceId: "d27210ea-70cb-455c-9fcd-cc43490210be"
  Expenses:CostOfSales:Purchase:PurchaseItem:BuyBespoke 2307 HKD
  category: "Jewelry"
  sku: "DDBESPOKE00000029"
  qty: 1
  referenceNo: "1355"
  orderId: "e83c2314-7e80-40c0-b769-48d12485a105"
  type: "Bill Item"
  sourceId: "0a72ac44-6bd0-48cf-ac84-ff6bd3a49fab"
  Expenses:CostOfSales:Purchase:PurchaseItem:BuyBespoke 1535 HKD
  category: "Jewelry"
  sku: "DDBESPOKE00000030"
  qty: 1
  referenceNo: "1355"
  orderId: "e83c2314-7e80-40c0-b769-48d12485a105"
  type: "Bill Item"
  sourceId: "8e5495d0-d693-4bd4-89ab-c21f4e33dfd8"
  Assets:CurrentAssets:ShopInventory:Jewelry -1723 HKD
  qty: "-1"
  description: "BR2506/SAP2508 x7 ($280) 做貨 $1723 "
  referenceNo: "1355"
  orderId: "e83c2314-7e80-40c0-b769-48d12485a105"
  type: "Bill Item"
  sourceId: "5a53514f-21f8-423b-beef-383ed648dc6e"
  Assets:CurrentAssets:ShopInventory:Jewelry -2545 HKD
  qty: "-1"
  description: "做貨 BR2507/SAP2412 $2545"
  referenceNo: "1355"
  orderId: "e83c2314-7e80-40c0-b769-48d12485a105"
  type: "Bill Item"
  sourceId: "00b2dd43-b36b-42d7-8164-a2d486a7dce8"
  Assets:CurrentAssets:ShopInventory:Jewelry -1710 HKD
  qty: "-1"
  description: "做貨 BR2508 /SAP2436 $1710"
  referenceNo: "1355"
  orderId: "e83c2314-7e80-40c0-b769-48d12485a105"
  type: "Bill Item"
  sourceId: "5e820c45-f1fa-4c5f-b83b-7007c7454b3b"
  Assets:CurrentAssets:ShopInventory:Jewelry -1636 HKD
  qty: "-1"
  description: "做貨 BR2509/SAP2508 x7 ($280) $1636"
  referenceNo: "1355"
  orderId: "e83c2314-7e80-40c0-b769-48d12485a105"
  type: "Bill Item"
  sourceId: "e5f8e156-38c6-4a3b-a8b2-7cba40741f22"
  Assets:CurrentAssets:ShopInventory:Jewelry -1429 HKD
  qty: "-1"
  description: "做貨 BR2510/SAP2408 $1429"
  referenceNo: "1355"
  orderId: "e83c2314-7e80-40c0-b769-48d12485a105"
  type: "Bill Item"
  sourceId: "f8dd32d8-f0b4-469f-b39f-e90a37a671f1"
  Assets:CurrentAssets:ShopInventory:Jewelry -2075 HKD
  qty: "-1"
  description: "做貨  BR2511/SAP2508 x5 ($200) $2075"
  referenceNo: "1355"
  orderId: "e83c2314-7e80-40c0-b769-48d12485a105"
  type: "Bill Item"
  sourceId: "babf1300-a672-4863-8200-5eebce125abe"
  Assets:CurrentAssets:ShopInventory:Jewelry -1511 HKD
  qty: "-1"
  description: "做貨 BN2505/SAP2402 $817 + Chain $694 "
  referenceNo: "1355"
  orderId: "e83c2314-7e80-40c0-b769-48d12485a105"
  type: "Bill Item"
  sourceId: "0e7d94ab-7173-4805-ba7f-343b7e171a3b"
  Liabilities:CurrentLiabilities:AccountPayable
  referenceNo: "1355"
  orderId: "e83c2314-7e80-40c0-b769-48d12485a105"
  type: "Bill"
  sourceId: "e83c2314-7e80-40c0-b769-48d12485a105"
  contact: "86 13502891558 () [0855f826-2f3a-4788-bfb1-5f09653c1ad0]"